=LDR  04285 as a2201033 a 4500
=001  012089123
=003  Uk
=005  20180601140540.0
=007  ta
=008  030108d18741926enkbn\p\\\\\\\0\\\a0eng\\
=019  0\$as016756002
=019  c\$a2403843
=019  x\$a1983690147
=022  0\$a1478-7814$202
=040  \\$aUk$cUk$dUk
=042  \\$aissnuk
=082  04$a530$222
=084  \\$aPQ 00$2blsrissc
=210  0\$aProc. Phys. Soc. Lond.
=222  \0$aProceedings of the Physical Society of London
=245  00$aProceedings of the Physical Society of London.
=260  \\$aLondon :$b[Physical Society of London],$c1874-1926.
=300  \\$av. :$bill. ;$c23-26 cm.
=336  \\$atext$2rdacontent
=337  \\$aunmediated$2rdamedia
=338  \\$avolume$2rdacarrier
=362  0\$aVol, 1, pt. 1 (Mar. 21, 1874)-v. 38, pt. 5 (Aug. 15, 1926).
=540  \\$aCurrent Copyright Fee: GBP30.00$c77\0$5Uk
=650  \0$aPhysics$vPeriodicals.
=710  2\$aPhysical Society of London.
=776  08$iAlso issued online as:$tProceedings of the Physical Society of London$x1747-3845
=785  00$tProceedings of the Physical Society$x0959-5309
=852  49$aBritish Library$bDSC$3See shelfmark 6787.000000 for vol. 1 (1874)-v. 38 (1926)
=852  71$aBritish Library$bSTI$k(P)$hPQ 00$m-E(14)$2blsrissc$3Vol.1 (1876)-v. 38 (1926).
=856  \\$31850-9999$uhttp://www.iop.org/$xBLDSS
=985  \\$aRecord merged by DQ team
=ACF  \\$aPrevious Copyright Fee: GBP20.00$c0$e01-apr-2012$fGBP20.00$g0$hC$5Uk
=ACF  \\$aPrevious Copyright Fee: GBP20.00$c0$e01-jan-2012$fGBP20.00$g0$hC$5Uk
=ACF  \\$aPrevious Copyright Fee: GBP20.00$c0$e01-oct-2011$fGBP20.00$g0$hC$5Uk
=ACF  \\$aPrevious Copyright Fee: GBP20.00$c0$e01-jul-2011$fGBP20.00$g0$hC$5Uk
=ACF  \\$aPrevious Copyright Fee: GBP20.00$c0$e01-apr-2011$fGBP20.00$g0$hC$5Uk
=ACF  \\$aPrevious Copyright Fee: GBP20.00$c0$e01-jan-2011$fGBP20.00$g0$hC$5Uk
=ACF  \\$aPrevious Copyright Fee: GBP18.40$c0$e01-oct-2010$fGBP18.40$g0$hC$5Uk
=ACF  \\$aPrevious Copyright Fee: GBP55.00$c0$e01-jul-2010$fGBP55.00$g0$hC$5Uk
=ACF  \\$aPrevious Copyright Fee: GBP55.00$c0$e01-apr-2010$fGBP55.00$g0$hC$5Uk
=ACF  \\$aPrevious Copyright Fee: GBP18.40$c0$e01-oct-2008$fGBP18.40$g0$hC$5Uk
=ACF  \\$aPrevious Copyright Fee: GBP20.00$c0$e01-jul-2012$fGBP20.00$g0$hC$5Uk
=CAT  \\$aCONV$b00$c20040425$lBLL90$h0850
=CAT  \\$aBATCH-CLA$b00$c20100831$lBLL01$h1523
=CAT  \\$aIPL-CLA$c20100930$lBLL01$h1521
=CAT  \\$aBATCH-CLA$b00$c20101115$lBLL01$h1606
=CAT  \\$aIPL-CLA$c20101231$lBLL01$h1451
=CAT  \\$aBATCH-CLA$b00$c20110228$lBLL01$h1539
=CAT  \\$aIPL-CLA$c20110331$lBLL01$h1459
=CAT  \\$aBATCH-CLA$b00$c20110531$lBLL01$h1636
=CAT  \\$aIPL-CLA$c20110630$lBLL01$h1538
=CAT  \\$aBATCH-CLA$b00$c20110831$lBLL01$h1743
=CAT  \\$aIPL-CLA$c20110930$lBLL01$h1542
=CAT  \\$aBATCH-CLA$b00$c20111130$lBLL01$h1203
=CAT  \\$aIPL-CLA$c20111230$lBLL01$h1956
=CAT  \\$aBATCH-CLA$b00$c20120229$lBLL01$h1613
=CAT  \\$aIPL-CLA$c20120330$lBLL01$h1429
=CAT  \\$aBATCH-CLA$b00$c20120531$lBLL01$h1710
=CAT  \\$aIPL-CLA$c20120629$lBLL01$h1027
=CAT  \\$aBATCH-CLA$b00$c20120831$lBLL01$h1530
=CAT  \\$aIPL-CLA$c20120930$lBLL01$h2109
=CAT  \\$aBATCH-CLA$b00$c20121109$lBLL01$h1741
=CAT  \\$a11316$b40$c20141106$lBLL01$h1415
=CAT  \\$a5552$b40$c20180601$lBLL01$h0907
=CAT  \\$a5552$b40$c20180601$lBLL01$h1405
=CAT  \\$aIPL-CLA$c20180630$lBLL01$h1913
=CAT  \\$aBLDSS-3PM$b00$c20180723$lBLL01$h1540
=CAT  \\$aBATCH-UPD$b00$c20180723$lBLL01$h1548
=CFI  0\$aCurrent Copyright Fee: GBP30.00$c77\0$e01-jul-2018$fGBP30.00$g0$hP$5Uk
=CFI  2\$aPrevious Copyright Fee: GBP20.00$c0$e01-oct-2012$fGBP20.00$g0$hC$5Uk
=FFP  \\$aY$bBLDSS-3PM
=FIN  \\$aY
=FMT  \\$a  SE
=LAS  \\$aBATCH-UPD$b00$c20180723$lBLL01$h1548
=LEO  \\$aMP1.0002373831
=LEO  \\$aMP10.0000452869
=LEO  \\$aMP25.0000001352
=LEO  \\$aMP22.0000069970
=SRC  \\$aBLS01$bbibmp1.200404.2.ac
=SRC  \\$aDSS01$bbibmp10.200404.2.aa
=SRC  \\$aSRI01$bbibmp25.200404.2.aa
=SRC  \\$aISN01$bbibmp22.200404.2.aa
=TCO  \\$aCLA$bCLA$c008
=UNO  \\$aY

