=LDR  05993 as a2201237 a 4500
=001  012090685
=003  Uk
=005  20201124185204.0
=007  ta
=008  840306d19541991gw\||\p\\\\\\\0\\\b0ger\\
=019  0\$as001345001
=022  0\$a0021-8383
=040  \\$aUk$cUk$dUk
=041  0\$ager$aeng
=084  \\$aJB 00$2blsrissc
=130  0\$aJournal für praktische Chemie (Leipzig. 1954)
=210  0\$aJ. prak. Chem.$b(Leipz. 1954)
=222  \0$aJournal für praktische Chemie$b(Leipzig. 1954)
=245  10$aJournal für praktische Chemie.
=260  \\$aLeipzig :$bJ.A. Barth,$c1954-1991.
=300  \\$a61 v. :$bill. ;$c24 cm.
=310  \\$aBimonthly
=336  \\$atext$2rdacontent
=337  \\$aunmediated$2rdamedia
=338  \\$avolume$2rdacarrier
=362  0\$a4th Reihe, Bd. 1, Hft. 1/2 (1954)-Bd. 38 (1968) ; Bd. 311 (1969)-Bd. 333, Heft 6.
=510  2\$aChemical abstracts$x0009-2258
=515  \\$a4th ser., v. 1-38 called also: v. 273-310.
=530  \\$aIssued also online.
=540  \\$aCurrent copyright fee: GBP39.00$c35\0$5Uk
=546  \\$aText in German or English; summaries in English.
=550  \\$a"Herausgegegeben im Auftrag der Chemischen Gesellschaft der Deutschen Demokratischen Republik," <1976->
=580  \\$aMerged with: Chemiker Zeitung (Heidelberg, Germany); to form: Journal für praktische Chemie, Chemiker-Zeitung.
=650  \0$aChemistry$vPeriodicals.
=710  2\$aChemische Gesellschaft in der Deutschen Demokratischen Republik.
=776  0\$tJournal für praktische Chemie (Online)
=780  01$tJournal für makromoleculare Chemie$x0368-301X
=785  17$tChemiker Zeitung (Heidelberg, Germany)$x0009-2894
=785  17$tJournal für praktische Chemie, Chemiker-Zeitung$x0941-1216
=852  49$aBritish Library$bDSC$3See shelfmark 5042.000000 for Bd.1, 1954-Bd.333, 1991
=852  71$aBritish Library$bSTI$k(P)$hJB 00$m-G(14)$2blsrissc$31954-1991, 4 te Reihe, Band 1-333
=856  \\$31850-9999$uhttp://onlinelibrary.wiley.com/$xBLDSS
=985  \\$aRecord enhanced by DQ team
=985  \\$aUpgraded by BSS-generated file for WR2011-1473
=ACF  \\$aPrevious Copyright Fee: GBP8.57$c0$e01-jul-2009$fGBP8.57$g0$hC$5Uk
=ACF  \\$aPrevious Copyright Fee: GBP8.57$c0$e01-apr-2009$fGBP8.57$g0$hC$5Uk
=ACF  \\$aPrevious Copyright Fee: GBP7.50$c0$e01-jan-2009$fGBP7.50$g0$hC$5Uk
=ACF  \\$aPrevious Copyright Fee: GBP6.00$c0$e01-oct-2008$fGBP6.00$g0$hC$5Uk
=ACF  \\$aPrevious Copyright Fee: GBP6.00$c0$e01-jul-2008$fGBP6.00$g0$hC$5Uk
=ACF  \\$aPrevious Copyright Fee: GBP6.00$c0$e01-apr-2008$fGBP6.00$g0$hC$5Uk
=ACF  \\$aPrevious Copyright Fee: GBP6.00$c0$e01-jan-2008$fGBP6.00$g0$hC$5Uk
=ACF  \\$aPrevious Copyright Fee: GBP6.00$c0$e01-oct-2007$fGBP6.00$g0$hC$5Uk
=ACF  \\$aPrevious Copyright Fee: GBP6.00$c0$e01-jul-2007$fGBP6.00$g0$hC$5Uk
=ACF  \\$aPrevious Copyright Fee: GBP6.15$c0$e01-apr-2007$fGBP6.15$g0$hC$5Uk
=ACF  \\$aPrevious Copyright Fee: GBP6.49$c0$e01-jan-2007$fGBP6.49$g0$hC$5Uk
=ACF  \\$aPrevious Copyright Fee: GBP6.49$c0$e01-oct-2006$fGBP6.49$g0$hC$5Uk
=ACF  \\$aPrevious Copyright Fee: GBP6.86$c0$e01-jul-2006$fGBP6.86$g0$hC$5Uk
=ACF  \\$aPrevious Copyright Fee: GBP4.57$c0$e01-apr-2006$fGBP4.57$g0$hC$5Uk
=ACF  \\$aPrevious Copyright Fee: GBP4.44$c0$e01-jan-2006$fGBP4.44$g0$hC$5Uk
=ACF  \\$aPrevious Copyright Fee: GBP4.32$c0$e01-oct-2005$fGBP4.32$g0$hC$5Uk
=ACF  \\$aPrevious Copyright Fee: GBP4.32$c0$e01-jul-2005$fGBP4.32$g0$hC$5Uk
=ACF  \\$aPrevious Copyright Fee: GBP4.32$c0$e01-apr-2005$fGBP4.32$g0$hC$5Uk
=ACF  \\$aPrevious Copyright Fee: GBP4.44$c0$e01-jan-2005$fGBP4.44$g0$hC$5Uk
=ACF  \\$aPrevious Copyright Fee: GBP4.32$c0$e01-oct-2004$fGBP4.32$g0$hC$5Uk
=ACF  \\$aPrevious copyright fee: GBP10.50$c0$e01-jan-2011$fGBP10.50$g0$hA$5Uk
=ACF  \\$aPrevious Copyright Fee: GBP12.30$c0$e01-jan-2014$fGBP12.30$g0$hA$5Uk
=ACF  \\$aPrevious copyright fee: GBP12.00$c0$e01-jan-2012$fGBP12.00$g0$hA$5Uk
=ACF  \\$aPrevious copyright fee: GBP24.00$c35\0$e10-jun-2015$fGBP24.00$g0$hP$5Uk
=CAT  \\$aCONV$b00$c20040425$lBLL90$h0851
=CAT  \\$aBATCH-CLA$b00$c20090529$lBLL01$h1709
=CAT  \\$aBATCH-UPD$b00$c20090701$lBLL01$h2008
=CAT  \\$aBATCH-UPD$b00$c20090701$lBLL01$h2039
=CAT  \\$aBATCH$b00$c20090701$lBLL01$h2100
=CAT  \\$aBATCH$b00$c20091210$lBLL01$h0649
=CAT  \\$aBATCH-UPD$b00$c20101201$lBLL01$h1244
=CAT  \\$aIPL-CLA$c20101231$lBLL01$h1451
=CAT  \\$aWR11_203$c20111204$lBLL01$h1454
=CAT  \\$aIPL-CLA$c20111230$lBLL01$h1956
=CAT  \\$aBATCH-CLA$b00$c20121109$lBLL01$h1741
=CAT  \\$aBATCH-CLA$c20131220$lBLL01$h2001
=CAT  \\$aIPL-CLA$c20131231$lBLL01$h2259
=CAT  \\$a8874$b40$c20140207$lBLL01$h1503
=CAT  \\$a6537$b40$c20141103$lBLL01$h1006
=CAT  \\$a5552$b40$c20150610$lBLL01$h1225
=CAT  \\$aBLDSS-3PM$b00$c20150709$lBLL01$h1851
=CAT  \\$aBATCH-UPD$b00$c20160413$lBLL01$h1815
=CAT  \\$aBATCH-UPD$b00$c20180219$lBLL01$h1744
=CAT  \\$aBATCH-UPD$b00$c20180219$lBLL01$h1929
=CAT  \\$aBATCH-UPD$b00$c20181121$lBLL01$h1620
=CAT  \\$aIPL-CLA$c20181231$lBLL01$h1539
=CAT  \\$aBATCH-UPD$b00$c20200219$lBLL01$h1540
=CAT  \\$a5552$b40$c20200227$lBLL01$h1121
=CAT  \\$aIPL-CLA$c20200331$lBLL01$h1611
=CAT  \\$aW2011-1473$b00$c20201124$lBLL01$h1852
=CFI  0\$aCurrent copyright fee: GBP39.00$c35\0$e01-apr-2020$fGBP39.00$g0$hP$5Uk
=CFI  2\$aPrevious copyright fee: GBP28.00$c35\0$e01-jan-2019$fGBP28.00$g0$hP$5Uk
=FFP  \\$aY$bBLDSS-3PM
=FIN  \\$aY
=FMT  \\$a  SE
=LAS  \\$aW2011-1473$b00$c20201124$lBLL01$h1852
=LEO  \\$aMP25.0000000124
=LKR  \\$aPAR$b010490596$lBLL01$r78001$mJournal für praktische Chemie (Leipzig. 1954)$nJournal für makromolekulare Chemie.
=SRC  \\$aSRI01$bbibmp25.200404.2.aa
=TCO  \\$aDEU$bVG WORT$c008
=TOC  \\$aETOC
=UNO  \\$aY

