=LDR  07190cas a2201465 a 4500
=001  012090829
=003  Uk
=005  20230511162809.0
=007  ta
=008  840508d19721999enker\p\\\\\\\0\\\a0eng\\
=019  0\$as00272605x
=022  0\$a0300-9246$202
=040  \\$aUk$cUk$dUk
=042  \\$aissnuk
=082  04$a546
=084  \\$aJH 20$2blsrissc
=210  0\$aJ. Chem. Soc., Dalton trans.$b(Print)
=222  \0$aJournal of the Chemical Society. Dalton transactions$b(Print)
=245  00$aJournal of the Chemical Society.$pDalton transactions.
=246  30$aInorganic chemistry
=246  30$aJCS Dalton
=246  13$aDalton transactions, inorganic chemistry
=246  13$aJ.C.S. Dalton
=246  14$aDalton transactions$f1996-1999
=260  \\$aLondon :$bChemical Society,$c1972-1999.
=300  \\$a28 v. :$bill. ;$c28 cm.
=310  \\$aSemimonthly,$b1992-1999
=321  \\$aTwenty-three no. a year,$b1972-1977
=321  \\$a12 no. a year,$b1978-1991
=336  \\$atext$2rdacontent
=337  \\$aunmediated$2rdamedia
=338  \\$avolume$2rdacarrier
=362  0\$a1972, 1-1999, no. 24.
=500  \\$aPublished: Cambridge, UK : Royal Society of Chemistry, <Dec. 1995>-1999.
=510  2\$aChemical abstracts$x0009-2258
=515  \\$aIssue numbers begin each year with 1.
=525  \\$aSome issues accompanied by conference proceedings on CD-ROM.
=540  \\$aCurrent copyright fee: GBP46.75$c6\1$5Uk
=580  \\$aMerged with part of: Acta chemica Scandinavica (Copenhagen, Denmark : 1989), to become: Dalton (Cambridge, England).
=650  \0$aChemistry, Inorganic$vPeriodicals.
=650  \0$aChemistry, Physical and theoretical$vPeriodicals.
=710  2\$aChemical Society (Great Britain)
=710  2\$aRoyal Society of Chemistry (Great Britain)
=776  0\$tJournal of the Chemical Society. Dalton transactions$c(Online)$x2050-5671
=780  01$tJournal of the Chemical Society. A. Inorganic, physical, theoretical$x0022-4944
=785  17$tActa chemica Scandinavica (Copenhagen, Denmark : 1989)$x0904-213X
=785  17$tDalton (Cambridge, England)$x1470-479X
=852  49$aBritish Library$bDSC$3See shelfmark 4727.200000 for vols. 1972-1999
=852  71$aBritish Library$bSTI$k(P)$hJH 20$m-E(12)$2blsrissc$31972-1999; 1972-99. ; Deficient: 1987, no.7
=852  71$aBritish Library$bSTI$k(TP)$hJH 20$m-E(12)$2blsrissc$3Accompanying CD-ROM
=856  \\$31850-9999$uhttp://www.rsc.org/$xBLDSS
=945  \\$aJOURNAL- CHEMICAL SOCIETY DALTON TRANSACTIONS
=979  \\$aBritish Library$bDSC$j4727.200000
=ACF  \\$aPrevious Copyright Fee: GBP27.00$c0$e01-oct-2012$fGBP27.00$g0$hC$5Uk
=ACF  \\$aPrevious Copyright Fee: GBP27.00$c0$e01-apr-2012$fGBP27.00$g0$hC$5Uk
=ACF  \\$aPrevious Copyright Fee: GBP27.00$c0$e01-jan-2012$fGBP27.00$g0$hC$5Uk
=ACF  \\$aPrevious Copyright Fee: GBP27.00$c0$e01-oct-2011$fGBP27.00$g0$hC$5Uk
=ACF  \\$aPrevious Copyright Fee: GBP27.00$c0$e01-jul-2011$fGBP27.00$g0$hC$5Uk
=ACF  \\$aPrevious Copyright Fee: GBP27.00$c0$e01-apr-2011$fGBP27.00$g0$hC$5Uk
=ACF  \\$aPrevious Copyright Fee: GBP27.00$c0$e01-jan-2011$fGBP27.00$g0$hC$5Uk
=ACF  \\$aPrevious Copyright Fee: GBP27.00$c0$e01-oct-2010$fGBP27.00$g0$hC$5Uk
=ACF  \\$aPrevious Copyright Fee: GBP27.00$c0$e01-jul-2010$fGBP27.00$g0$hC$5Uk
=ACF  \\$aPrevious Copyright Fee: GBP27.00$c0$e01-apr-2010$fGBP27.00$g0$hC$5Uk
=ACF  \\$aPrevious Copyright Fee: GBP27.00$c0$e01-Jan-2010$fGBP27.00$g0$hC$5Uk
=ACF  \\$aPrevious Copyright Fee: GBP27.00$c0$e01-oct-2009$fGBP27.00$g0$hC$5Uk
=ACF  \\$aPrevious Copyright Fee: GBP27.00$c0$e01-jul-2009$fGBP27.00$g0$hC$5Uk
=ACF  \\$aPrevious Copyright Fee: GBP27.00$c0$e01-apr-2009$fGBP27.00$g0$hC$5Uk
=ACF  \\$aPrevious Copyright Fee: GBP27.00$c0$e01-jan-2009$fGBP27.00$g0$hC$5Uk
=ACF  \\$aBritish Library not licensed to copy$c0$e01-oct-2008$hC$iCLA Excluded$5Uk
=ACF  \\$aPrevious Copyright Fee: GBP24.00$c0$e01-jul-2008$fGBP24.00$g0$hC$5Uk
=ACF  \\$aPrevious Copyright Fee: GBP24.00$c0$e01-apr-2008$fGBP24.00$g0$hC$5Uk
=ACF  \\$aPrevious Copyright Fee: GBP24.00$c0$e01-jan-2008$fGBP24.00$g0$hC$5Uk
=ACF  \\$aPrevious Copyright Fee: GBP22.00$c0$e01-oct-2007$fGBP22.00$g0$hC$5Uk
=ACF  \\$aPrevious Copyright Fee: GBP22.00$c0$e01-jul-2007$fGBP22.00$g0$hC$5Uk
=ACF  \\$aPrevious Copyright Fee: GBP22.00$c0$e01-apr-2007$fGBP22.00$g0$hC$5Uk
=ACF  \\$aPrevious Copyright Fee: GBP22.00$c0$e01-jan-2007$fGBP22.00$g0$hC$5Uk
=ACF  \\$aPrevious Copyright Fee: GBP22.00$c0$e01-oct-2006$fGBP22.00$g0$hC$5Uk
=ACF  \\$aPrevious Copyright Fee: GBP22.00$c0$e01-jul-2006$fGBP22.00$g0$hC$5Uk
=ACF  \\$aPrevious Copyright Fee: GBP22.00$c0$e01-apr-2006$fGBP22.00$g0$hC$5Uk
=ACF  \\$aPrevious Copyright Fee: GBP22.00$c0$e01-jan-2006$fGBP22.00$g0$hC$5Uk
=ACF  \\$aPrevious Copyright Fee: GBP20.00$c0$e01-oct-2005$fGBP20.00$g0$hC$5Uk
=ACF  \\$aPrevious Copyright Fee: GBP20.00$c0$e01-jul-2005$fGBP20.00$g0$hC$5Uk
=ACF  \\$aPrevious Copyright Fee: GBP20.00$c0$e01-apr-2005$fGBP20.00$g0$hC$5Uk
=ACF  \\$aPrevious Copyright Fee: GBP20.00$c0$e01-jan-2005$fGBP20.00$g0$hC$5Uk
=ACF  \\$aPrevious Copyright Fee: GBP10.00$c0$e01-oct-2004$fGBP10.00$g0$hC$5Uk
=ACF  \\$aPrevious Copyright Fee: GBP27.00$c0$e01-jul-2012$fGBP27.00$g0$hC$5Uk
=CAT  \\$aCONV$b00$c20040425$lBLL90$h0851
=CAT  \\$aIPL-CLA$c20101231$lBLL01$h1451
=CAT  \\$aBATCH-CLA$b00$c20110228$lBLL01$h1536
=CAT  \\$aIPL-CLA$c20110331$lBLL01$h1459
=CAT  \\$aBATCH-CLA$b00$c20110531$lBLL01$h1642
=CAT  \\$aIPL-CLA$c20110630$lBLL01$h1538
=CAT  \\$aBATCH-CLA$b00$c20110831$lBLL01$h1752
=CAT  \\$aIPL-CLA$c20110930$lBLL01$h1542
=CAT  \\$aBATCH-CLA$b00$c20111130$lBLL01$h1213
=CAT  \\$aIPL-CLA$c20111230$lBLL01$h1956
=CAT  \\$aBATCH-CLA$b00$c20120229$lBLL01$h1624
=CAT  \\$aIPL-CLA$c20120330$lBLL01$h1429
=CAT  \\$aBATCH-CLA$b00$c20120531$lBLL01$h1700
=CAT  \\$aIPL-CLA$c20120629$lBLL01$h1027
=CAT  \\$a11316$b40$c20120713$lBLL01$h0957
=CAT  \\$aISSN$b40$c20120815$lBLL01$h1126
=CAT  \\$aBATCH-CLA$b00$c20120831$lBLL01$h1535
=CAT  \\$aIPL-CLA$c20120930$lBLL01$h2109
=CAT  \\$aBATCH-CLA$b00$c20121109$lBLL01$h1741
=CAT  \\$aBATCH-CLA$b00$c20130228$lBLL01$h1705
=CAT  \\$aIPL-CLA$c20130331$lBLL01$h1052
=CAT  \\$a540_fix$c20130403$lBLL01$h2012
=CAT  \\$a5552$b40$c20190221$lBLL01$h1419
=CAT  \\$a5552$b40$c20190221$lBLL01$h1421
=CAT  \\$aBLDSS-3PM$b00$c20190227$lBLL01$h1406
=CAT  \\$aBATCH-UPD$b00$c20190227$lBLL01$h1407
=CAT  \\$aBATCH-FIX$c20230511$lBLL01$h1628
=CFI  0\$aCurrent copyright fee: GBP46.75$c6\1$e21-feb-2019$fGBP46.75$g0$hP$5Uk
=CFI  2\$aPrevious Copyright Fee: GBP36.00$c0$e01-apr-2013$fGBP36.00$g0$hC$5Uk
=FFP  \\$aY$bBLDSS-3PM
=FIN  \\$aY
=FMT  \\$a  SE
=LAS  \\$aBATCH-FIX$b00$c20230511$lBLL01$h1628
=LEO  \\$aMP25.0000000273
=LEO  \\$aMP22.0000017663
=SRC  \\$aISN01$bbibmp22.200404.2.aa
=SRC  \\$aSRI01$bbibmp25.200404.2.aa
=TCO  \\$aCLA$bCLA$c008
=UNO  \\$aY

