=LDR  04946 as a2201009 a 4500
=001  012091665
=003  Uk
=005  20210126144703.0
=007  ta
=008  920819d18891940enkmr\p\\\\\\\0\\\\0eng\d
=019  0\$as015976122
=022  0\$a0099-2887
=040  \\$aUk$cUk$dUk
=082  04$a621.3$222
=084  \\$aRC 00$2blsrissc
=130  0\$aJournal of the Institution of Electrical Engineers (1889)
=245  14$aThe Journal of the Institution of Electrical Engineers.
=260  \\$aLondon :$bE. and F.N. Spon,$c1889-1940.
=300  \\$av. :$bill. ;$c22-28 cm.
=336  \\$atext$2rdacontent
=337  \\$aunmediated$2rdamedia
=338  \\$avolume$2rdacarrier
=500  \\$aSubsequently published: London : The Institution,
=540  \\$aCurrent copyright fee: GBP0.00$c35\0$5Uk
=555  \\$aCumulative index.
=580  \\$aFrom 1941 split into 3 parts: 1, General ; 2, Power engineering ; 3, Radio and communication engineering.
=650  \0$aElectrical engineering$vPeriodicals.
=710  2\$aInstitution of Electrical Engineers.
=780  00$tJournal of the Society of Telegraph Engineers and Electricians
=785  16$tJournal of the Institution of Electrical Engineers. Part 1, General$x0367-7559
=785  16$tJournal of the Institution of Electrical Engineers. Part 2, Power engineering$x0367-7567
=785  16$tJournal of the Institution of Electrical Engineers. Part 3, Radio and communication engineering$x0367-7540
=852  49$aBritish Library$bDSC$3See shelfmark 4792.000000 for vol. 18, 1889- ns: 9, 1963 *A=1
=852  71$aBritish Library$bSTI$k(P)$hRC 00$m-E(14)$2blsrissc$31889-1948; Vol.18-95.
=856  \\$31850-9999$uhttp://www.theiet.org/$xBLDSS
=968  \\$aC
=ACF  \\$aPrevious Copyright Fee: GBP17.00$c0$e01-oct-2010$fGBP17.00$g0$hC$5Uk
=ACF  \\$aPrevious Copyright Fee: GBP17.00$c0$e01-jul-2010$fGBP17.00$g0$hC$5Uk
=ACF  \\$aPrevious Copyright Fee: GBP17.00$c0$e01-apr-2010$fGBP17.00$g0$hC$5Uk
=ACF  \\$aPrevious Copyright Fee: GBP17.00$c0$e01-Jan-2010$fGBP17.00$g0$hC$5Uk
=ACF  \\$aPrevious Copyright Fee: GBP17.00$c0$e01-oct-2009$fGBP17.00$g0$hC$5Uk
=ACF  \\$aPrevious Copyright Fee: GBP17.00$c0$e01-jul-2009$fGBP17.00$g0$hC$5Uk
=ACF  \\$aPrevious Copyright Fee: GBP17.00$c0$e01-apr-2009$fGBP17.00$g0$hC$5Uk
=ACF  \\$aPrevious Copyright Fee: GBP17.00$c0$e01-jan-2009$fGBP17.00$g0$hC$5Uk
=ACF  \\$aPrevious Copyright Fee: GBP17.00$c0$e01-oct-2008$fGBP17.00$g0$hC$5Uk
=ACF  \\$aPrevious Copyright Fee: GBP17.00$c0$e01-jul-2008$fGBP17.00$g0$hC$5Uk
=ACF  \\$aCurrent Copyright Fee: GBP17.00$c0$e01-jan-2011$fGBP17.00$g0$hC$5Uk
=CAT  \\$aCONV$b00$c20040425$lBLL90$h0851
=CAT  \\$aBATCH$b00$c20091231$lBLL01$h1848
=CAT  \\$a11249$b40$c20100212$lBLL01$h1718
=CAT  \\$aBATCH-CLA$b00$c20100224$lBLL01$h1147
=CAT  \\$aBATCH-UPD$b00$c20100331$lBLL01$h2314
=CAT  \\$aBATCH-UPD$b00$c20100401$lBLL01$h0236
=CAT  \\$aBATCH$b00$c20100401$lBLL01$h0539
=CAT  \\$aBATCH$b00$c20100401$lBLL01$h1610
=CAT  \\$aBATCH-CLA$b00$c20100602$lBLL01$h1356
=CAT  \\$aBATCH-UPD$b00$c20100630$lBLL01$h1929
=CAT  \\$aBATCH-UPD$b00$c20100630$lBLL01$h1959
=CAT  \\$aIPL-CLA$c20100630$lBLL01$h2026
=CAT  \\$aBATCH-CLA$b00$c20100831$lBLL01$h1517
=CAT  \\$aIPL-CLA$c20100930$lBLL01$h1521
=CAT  \\$aBATCH-CLA$b00$c20101115$lBLL01$h1553
=CAT  \\$aIPL-CLA$c20101231$lBLL01$h1451
=CAT  \\$aBATCH-CLA$b00$c20110228$lBLL01$h1532
=CAT  \\$a5552$b40$c20110309$lBLL01$h1333
=CAT  \\$aBATCH-UPD$b40$c20121105$lBLL01$h1134
=CAT  \\$aBATCH-CLA$b00$c20121109$lBLL01$h1741
=CAT  \\$aBLDSS-3PM$b00$c20150111$lBLL01$h1520
=CAT  \\$aBATCH-UPD$b00$c20151115$lBLL01$h1006
=CAT  \\$aBATCH-UPD$b00$c20160413$lBLL01$h1815
=CAT  \\$aBATCH-UPD$b00$c20210126$lBLL01$h1421
=CAT  \\$aBATCH-UPD$b00$c20210126$lBLL01$h1436
=CAT  \\$aIPL-CLA$c20210126$lBLL01$h1447
=CFI  0\$aCurrent copyright fee: GBP0.00$c35\0$e26-jan-2021$fGBP0.00$g0$hP$5Uk
=CFI  2\$aPrevious copyright fee: GBP15.00$c33\0$e09-mar-2011$fGBP15.00$g0$hP$5Uk
=FFP  \\$aY$bBLDSS-3PM
=FIN  \\$aY
=FMT  \\$a  SE
=LAS  \\$aIPL-CLA$b00$c20210126$lBLL01$h1447
=LEO  \\$aMP25.0000001159
=LKR  \\$aPAR$b010190567$lBLL01$r78516$mThe Journal of the Institution of Electrical Engineers.$nJournal of the Institution of Electrical Engineers, Part 3: Radio and Communication Engineering
=LKR  \\$aPAR$b010190568$lBLL01$r78516$mThe Journal of the Institution of Electrical Engineers.$nJournal of the Institution of Electrical Engineers, Part 1: General
=LKR  \\$aPAR$b010190569$lBLL01$r78516$mThe Journal of the Institution of Electrical Engineers.$nJournal of the Institution of Electrical Engineers, Part 2: Power Engineering
=SRC  \\$aSRI01$bbibmp25.200404.2.aa
=TCO  \\$aCLA$bCLA$c008
=TOC  \\$aETOC
=UNO  \\$aY

