=LDR  05531 as a2201201 a 4500
=001  012095338
=003  Uk
=005  20180601135803.0
=007  ta
=008  040419d19481949enkm|\p\\\\\\\0\\\a0eng\\
=019  0\$as061276014
=019  c\$a2193822
=022  0\$a0368-4261$202
=030  \\$aJSIPA6
=040  \\$aUk$cUk$dUk
=042  \\$aissnuk
=084  \\$aPJ 00$2blsrissc
=210  0\$aJ. sci. instrum. phys. ind.
=222  \0$aJournal of scientific instruments and of physics in industry
=245  00$aJournal of scientific instruments and of physics in industry.
=264  \1$aLondon :$bInstitute of Physics,$c1948-1949.
=300  \\$c4º
=336  \\$atext$2rdacontent
=337  \\$aunmediated$2rdamedia
=338  \\$avolume$2rdacarrier
=340  \\$m4to$2rdabf
=362  0\$aVol.25, 1948 - vol.26, 1949
=500  \\$aProduced with the co-operation of the National Physical Laboratory.
=540  \\$aCurrent Copyright Fee: GBP30.00$c77\0$5Uk
=580  \\$aSection "Physics in industry" continued as "British journal of applied physics", q.v.
=710  2\$aInstitute of Physics (Great Britain)
=710  2\$aNational Physical Laboratory (Great Britain)
=780  00$tJournal of scientific instruments (1922)$x0368-4253
=785  00$tJournal of scientific instruments (1950)$x0950-7671
=852  49$aBritish Library$bDSC$3See shelfmark 5058.000000 for Vol.25, 1948 - vol.26, 1949
=852  71$aBritish Library$bSTI$k(P)$hPJ 00$m-E(16)$2blsrissc$3Vol.25, 1948-26, 1949
=856  \\$31850-9999$uhttp://www.iop.org/$xBLDSS
=886  2\$2blmarc$a029$b00$aS061276006$aS087517000
=945  \\$aJournal of scientific instruments and of physics in industry.
=979  \\$aBritish Library$bDSC$j5059.300000N
=985  \\$aRecord merged by DQ team
=985  \\$aCorrected by MS generated file for WR# 1805-0738
=ACF  \\$aPrevious Copyright Fee: GBP20.00$c0$e01-apr-2012$fGBP20.00$g0$hC$5Uk
=ACF  \\$aPrevious Copyright Fee: GBP20.00$c0$e01-jan-2012$fGBP20.00$g0$hC$5Uk
=ACF  \\$aPrevious Copyright Fee: GBP20.00$c0$e01-oct-2011$fGBP20.00$g0$hC$5Uk
=ACF  \\$aPrevious Copyright Fee: GBP20.00$c0$e01-jul-2011$fGBP20.00$g0$hC$5Uk
=ACF  \\$aPrevious Copyright Fee: GBP20.00$c0$e01-apr-2011$fGBP20.00$g0$hC$5Uk
=ACF  \\$aPrevious Copyright Fee: GBP20.00$c0$e01-jan-2011$fGBP20.00$g0$hC$5Uk
=ACF  \\$aPrevious Copyright Fee: GBP18.40$c0$e01-oct-2010$fGBP18.40$g0$hC$5Uk
=ACF  \\$aPrevious Copyright Fee: GBP18.40$c0$e01-jul-2010$fGBP18.40$g0$hC$5Uk
=ACF  \\$aPrevious Copyright Fee: GBP18.40$c0$e01-apr-2010$fGBP18.40$g0$hC$5Uk
=ACF  \\$aPrevious Copyright Fee: GBP18.40$c0$e01-Jan-2010$fGBP18.40$g0$hC$5Uk
=ACF  \\$aPrevious Copyright Fee: GBP18.40$c0$e01-oct-2009$fGBP18.40$g0$hC$5Uk
=ACF  \\$aPrevious Copyright Fee: GBP18.40$c0$e01-jul-2009$fGBP18.40$g0$hC$5Uk
=ACF  \\$aPrevious Copyright Fee: GBP18.40$c0$e01-apr-2009$fGBP18.40$g0$hC$5Uk
=ACF  \\$aPrevious Copyright Fee: GBP18.40$c0$e01-jan-2009$fGBP18.40$g0$hC$5Uk
=ACF  \\$aPrevious Copyright Fee: GBP18.40$c0$e01-oct-2008$fGBP18.40$g0$hC$5Uk
=ACF  \\$aPrevious copyright fee: GBP6.00$c0$e01-apr-2008$fGBP6.00$g0$hA$5Uk
=ACF  \\$aPrevious copyright fee: GBP5.00$c0$e01-jul-2002$fGBP5.00$g0$hA$5Uk
=ACF  \\$aCurrent copyright fee: GBP4.40$c0$e01-jul-1998$fGBP4.40$g0$hA$5Uk
=ACF  \\$aCurrent copyright fee: GBP4.20$c0$e01-apr-1997$fGBP4.20$g0$hA$5Uk
=ACF  \\$aPrevious Copyright Fee: GBP20.00$c0$e01-jul-2012$fGBP20.00$g0$hC$5Uk
=CAT  \\$aCONV$b00$c20040425$lBLL90$h0851
=CAT  \\$aBATCH-CLA$b00$c20101115$lBLL01$h1605
=CAT  \\$aIPL-CLA$c20101231$lBLL01$h1451
=CAT  \\$aBATCH-CLA$b00$c20110228$lBLL01$h1534
=CAT  \\$aIPL-CLA$c20110331$lBLL01$h1459
=CAT  \\$aBATCH-CLA$b00$c20110531$lBLL01$h1635
=CAT  \\$aIPL-CLA$c20110630$lBLL01$h1538
=CAT  \\$aBATCH-CLA$b00$c20110831$lBLL01$h1753
=CAT  \\$aIPL-CLA$c20110930$lBLL01$h1542
=CAT  \\$aBATCH-CLA$b00$c20111130$lBLL01$h1211
=CAT  \\$aIPL-CLA$c20111230$lBLL01$h1956
=CAT  \\$aBATCH-CLA$b00$c20120229$lBLL01$h1621
=CAT  \\$aIPL-CLA$c20120330$lBLL01$h1429
=CAT  \\$aBATCH-CLA$b00$c20120531$lBLL01$h1714
=CAT  \\$aIPL-CLA$c20120629$lBLL01$h1027
=CAT  \\$aBATCH-CLA$b00$c20120831$lBLL01$h1526
=CAT  \\$aIPL-CLA$c20120930$lBLL01$h2109
=CAT  \\$aBATCH-CLA$b00$c20121109$lBLL01$h1741
=CAT  \\$aWR13.005$c20130323$lBLL01$h1316
=CAT  \\$a5552$b40$c20180601$lBLL01$h0846
=CAT  \\$a5552$b40$c20180601$lBLL01$h1358
=CAT  \\$aIPL-CLA$c20180630$lBLL01$h1913
=CAT  \\$aBLDSS-3PM$b00$c20180723$lBLL01$h1540
=CAT  \\$aBATCH-UPD$b00$c20180723$lBLL01$h1548
=CAT  \\$a1805-0738$c20181228$lBLL01$h1804
=CAT  \\$a1805-0738$b00$c20181228$lBLL01$h1857
=CFI  0\$aCurrent Copyright Fee: GBP30.00$c77\0$e01-jul-2018$fGBP30.00$g0$hP$5Uk
=CFI  2\$aPrevious Copyright Fee: GBP20.00$c0$e01-oct-2012$fGBP20.00$g0$hC$5Uk
=FFP  \\$aY$bBLDSS-3PM
=FIN  \\$aY
=FMT  \\$a  SE
=LAS  \\$a1805-0738$b00$c20181228$lBLL01$h1857
=LEO  \\$aMP22.0000022852
=LEO  \\$aMP25.0000005083
=LEO  \\$aMP10.0000325586
=LKR  \\$aPAR$b012095337$lBLL01$r78000$mJournal of scientific instruments and of physics in industry$nJournal of scientific instruments (1922)
=SRC  \\$aDSS01$bbibmp10.200404.2.aa
=SRC  \\$aISN01$bbibmp22.200404.2.aa
=SRC  \\$aSRI01$bbibmp25.200404.2.aa
=TCO  \\$aCLA$bCLA$c008
=UNO  \\$aY

