=LDR  02593 as a2200625ua 4500
=001  012100765
=003  Uk
=005  20141117154913.0
=008  841127d19471986gw\m|\p|||\\\||\\\b0ger\\
=019  0\$as085362018
=040  \\$aUk$cUk
=084  \\$aJA 00$2blsrissc
=245  00$aZeitschrift für Naturforschung.$pTeil A, Physik, physikalische Chemie, Kosmophysik.
=246  13$aZeitschrift fur Naturforschung.$nTeil A,$pAstrophysik, Physik und physikalische Chemie
=260  \\$aTübingen,$c1947-1986.
=300  \\$c27cm.
=336  \\$atext$2rdacontent
=337  \\$aunmediated$2rdamedia
=338  \\$avolume$2rdacarrier
=500  \\$aFrom Band 5, 1950, published in cooperation with the Max-Planck-Gesellschaft.
=500  \\$aSubtitle varies.
=500  \\$aPlace of publication varies.
=540  \\$aCurrent copyright fee: GBP27.00$c56\0$5Uk
=710  2\$aMax-Planck-Gesellschaft zur Förderung der Wissenschaften.
=780  01$tZeitschrift für Naturforschung$x0372-9516
=785  00$tZeitschrift für Naturforschung. A, Journal of physical sciences$x0932-0784
=852  49$aBritish Library$bDSC$3See shelfmark 9474.000000 Bd. 2 1947-1986
=852  71$aBritish Library$bSTI$k(P)$hJA 00$m-G(9)$2blsrissc$31947-1986; Band 2-41A. ; Deficient: Band 41A, Nr.2, 1986
=856  \\$31850-9999$uhttp://www.degruyter.com/$xBLDSS
=CAT  \\$aCONV$b00$c20040425$lBLL90$h0851
=CAT  \\$aCONV$b00$c20040502$lBLL01$h1456
=CAT  \\$a8874$b40$c20041025$lBLL01$h1604
=CAT  \\$aBATCH-UPD$b40$c20070106$lBLL01$h1850
=CAT  \\$aBATCH-UPD$b40$c20090122$lBLL01$h2158
=CAT  \\$a6537$b40$c20090218$lBLL01$h1243
=CAT  \\$a6537$b40$c20090218$lBLL01$h1342
=CAT  \\$a6537$b40$c20090218$lBLL01$h1408
=CAT  \\$aBATCH$b00$c20091123$lBLL01$h0103
=CAT  \\$a5552$b40$c20141117$lBLL01$h1549
=CAT  \\$aIPL-CLA$c20141231$lBLL01$h1649
=CAT  \\$aBLDSS-3PM$b00$c20150302$lBLL01$h1656
=CAT  \\$aBATCH-UPD$b00$c20160413$lBLL01$h1815
=CAT  \\$aBATCH-UPD$b00$c20160524$lBLL01$h2236
=CAT  \\$aBATCH-UPD$b00$c20160525$lBLL01$h0427
=CFI  0\$aCurrent copyright fee: GBP27.00$c56\0$e01-jan-2015$fGBP27.00$g0$hP$5Uk
=FFP  \\$aY$bBLDSS-3PM
=FIN  \\$aY
=FMT  \\$a  SE
=LAS  \\$aBATCH-UPD$b00$c20160525$lBLL01$h0427
=LEO  \\$aMP25.0000010837
=LKR  \\$aPAR$b012429405$lBLL01$r78001$mZeitschrift für Naturforschung. Teil A, Physik, physikalische Chemie, Kosmophysik.$nZeitschrift für Naturforschung
=SRC  \\$aSRI01$bbibmp25.200404.2.aa
=TCO  \\$aDEU$bVG WORT$c008
=TOC  \\$aETOC
=UNO  \\$aY

