=LDR  04504 as a2200961 a 4500
=001  012100766
=003  Uk
=005  20141117154845.0
=007  ta
=008  841127d19471972gw\mr\p|||\\\|0\\\b0ger\\
=019  0\$as085362026
=022  \\$a0044-3174$y0341-0420$y0341-0447
=040  \\$aUk$cUk$dUk
=082  04$a505$222
=084  \\$aJB 00$2blsrissc
=084  \\$aKB 00$2blsrissc
=210  0\$aZ. Naturforsch. T. b
=222  \0$aZeitschrift für Naturforschung. Teil b, Chemie, Biochemie, Biophysik, Biologie und verwandte Gebiete
=245  00$aZeitschrift für Naturforschung.$nTeil B,$pChemie, Biochemie, Biophysik, Biologie und verwandte Gebiete.
=246  13$aZeitschrift für Naturforschung.$nTeil B,$pAnorganische Chemie, organische Chemie, Biochemie, Biophysik, Biologie
=246  13$aZeitschrift für Naturforschung.$nTeil B,$pChemistry, biochemistry, biology and related fields
=246  13$aZeitschrift für Naturforschung.$nTeil B,$pChemie, Biochemie, Biophysik, Biologie
=260  \\$aTübingen :$bVerlag der Zeitschrift für Naturforschung,$c1947-1972.
=300  \\$av. :$bill. ;$c27 cm.
=310  \\$aMonthly
=336  \\$atext$2rdacontent
=337  \\$aunmediated$2rdamedia
=338  \\$avolume$2rdacarrier
=500  \\$aFrom Band 5, 1950, published in cooperation with the Max-Planck-Gesellschaft.
=500  \\$aPlace of publication varies.
=540  \\$aCurrent copyright fee: GBP27.00$c56\0$5Uk
=650  \0$aChemistry$vPeriodicals.
=710  2\$aMax-Planck-Gesellschaft zur Förderung der Wissenschaften.
=780  01$tZeitschrift für Naturforschung$x0372-9516
=785  01$tZeitschrift für Naturforschung. Teil B, Anorganische Chemie, organische Chemie$x0340-5087
=785  01$tZeitschrift für Naturforschung. Teil C, Biochemie, Biophysik, Biologie, Virologie$x0341-0471
=852  49$aBritish Library$bDSC$3See shelfmark 9475.000000 for Band 2 (1947)-1972
=852  71$aBritish Library$bSTI$k(P)$hJB 00$m-G(24)$2blsrissc$3Bd. 2 (1947)-Bd. 27 (1972)
=856  \\$31850-9999$uhttp://www.degruyter.com/$xBLDSS
=ACF  \\$aPrevious Copyright Fee: GBP8.57$c0$e01-jul-2009$fGBP8.57$g0$hC$5Uk
=ACF  \\$aPrevious Copyright Fee: GBP8.57$c0$e01-apr-2009$fGBP8.57$g0$hC$5Uk
=ACF  \\$aPrevious Copyright Fee: GBP7.50$c0$e01-jan-2009$fGBP7.50$g0$hC$5Uk
=ACF  \\$aBritish Library not licensed to copy$c0$e01-oct-2008$hC$iCLA Excluded$5Uk
=ACF  \\$aPrevious copyright fee: GBP10.50$c0$e01-jan-2011$fGBP10.50$g0$hA$5Uk
=ACF  \\$aPrevious copyright fee: GBP12.00$c0$e01-jan-2012$fGBP12.00$g0$hA$5Uk
=CAT  \\$aCONV$b00$c20040425$lBLL90$h0851
=CAT  \\$aBATCH-UPD$b00$c20090122$lBLL01$h2158
=CAT  \\$a6537$b40$c20090218$lBLL01$h1411
=CAT  \\$a6537$b40$c20090218$lBLL01$h1449
=CAT  \\$aBATCH-CLA$b00$c20090227$lBLL01$h1639
=CAT  \\$aBATCH-UPD$b00$c20090331$lBLL01$h2302
=CAT  \\$aBATCH-UPD$b00$c20090401$lBLL01$h0034
=CAT  \\$aBATCH$b00$c20090401$lBLL01$h0204
=CAT  \\$aBATCH-CLA$b00$c20090529$lBLL01$h1715
=CAT  \\$aBATCH-UPD$b00$c20090701$lBLL01$h2009
=CAT  \\$aBATCH-UPD$b00$c20090701$lBLL01$h2039
=CAT  \\$aBATCH$b00$c20090701$lBLL01$h2100
=CAT  \\$aBATCH$b00$c20091210$lBLL01$h0649
=CAT  \\$aBATCH-UPD$b00$c20101201$lBLL01$h1244
=CAT  \\$aIPL-CLA$c20101231$lBLL01$h1451
=CAT  \\$aWR11_203$c20111204$lBLL01$h1455
=CAT  \\$aIPL-CLA$c20111230$lBLL01$h1957
=CAT  \\$aBATCH-CLA$b00$c20121109$lBLL01$h1741
=CAT  \\$aBATCH-CLA$c20131220$lBLL01$h2002
=CAT  \\$aIPL-CLA$c20131231$lBLL01$h2300
=CAT  \\$a5552$b40$c20141117$lBLL01$h1548
=CAT  \\$aIPL-CLA$c20141231$lBLL01$h1649
=CAT  \\$aBLDSS-3PM$b00$c20150302$lBLL01$h1656
=CAT  \\$aBATCH-UPD$b00$c20160413$lBLL01$h1815
=CAT  \\$aBATCH-UPD$b00$c20160524$lBLL01$h2236
=CAT  \\$aBATCH-UPD$b00$c20160525$lBLL01$h0427
=CFI  0\$aCurrent copyright fee: GBP27.00$c56\0$e01-jan-2015$fGBP27.00$g0$hP$5Uk
=CFI  2\$aPrevious Copyright Fee: GBP12.30$c0$e01-jan-2014$fGBP12.30$g0$hA$5Uk
=FFP  \\$aY$bBLDSS-3PM
=FIN  \\$aY
=FMT  \\$a  SE
=LAS  \\$aBATCH-UPD$b00$c20160525$lBLL01$h0427
=LEO  \\$aMP25.0000010838
=LKR  \\$aPAR$b012429405$lBLL01$r78001$mZeitschrift für Naturforschung. Teil B, Chemie, Biochemie, Biophysik, Biologie und verwandte Gebiete.$nZeitschrift für Naturforschung
=SRC  \\$aSRI01$bbibmp25.200404.2.aa
=TCO  \\$aDEU$bVG WORT$c008
=TOC  \\$aETOC
=UNO  \\$aY

