=LDR  05844cas a22011657a 4500
=001  012102621
=003  Uk
=005  20220930142603.0
=007  ta
=008  840327d19551962xxuqr\p\\\\\\\0\\\a0eng\\
=019  0\$as092575021
=022  \\$a0096-2430
=040  \\$aUk$cUk$dUk
=084  \\$aRK 00$2blsrissc
=110  2\$aInstitute of Radio Engineers.
=210  0\$aIRE trans. electron. devices
=222  \0$aI.R.E. transactions on electron devices
=245  10$aIRE transactions on electron devices.
=260  \\$aNew York :$bInstitute of Radio Engineers,$c1955-1962.
=300  \\$a8 v. :$bill. ;$c29 cm.
=310  \\$aQuarterly
=336  \\$atext$2rdacontent
=337  \\$aunmediated$2rdamedia
=338  \\$avolume$2rdacarrier
=362  0\$aVol. ED-2, no. 1 (Jan. 1955)-v. ED-9, no. 6 (Nov. 1962).
=500  \\$aPublished for IRE. Professional Group on Electron Devices.
=540  \\$aCurrent copyright fee: GBP27.50$c32\0$5Uk
=550  \\$aIssued by the IRE Professional Group on Electron Devices.
=555  \\$aCumulative index shelved with "Institute of Radio Engineers. Proceedings", q.v.
=650  \0$aElectronic apparatus and appliances$vPeriodicals.
=710  2\$aInstitute of Radio Engineers.$bProfessional Group on Electron Devices.
=780  00$tTransactions of the IRE Professional Group on Electron Devices
=785  00$tIEEE transactions on electron devices$x0018-9383
=852  49$aBritish Library$bDSC$3see shelfmark 8950.000000 for vol. ED-2, no. 1 (Jan. 1955)-v. ED-9, no. 6 (Nov. 1962)
=852  71$aBritish Library$bSTI$k(P)$hRK 00$m-E(21)$2blsrissc$31955-1962; Vol.ED-2 - ED-9
=856  \\$31850-9999$uhttp://ieeexplore.ieee.org/Xplore/home.jsp$xBLDSS
=ACF  \\$aPrevious copyright fee: GBP16.25$c32\0$e01-jul-2011$fGBP16.25$g0$hP$5Uk
=ACF  \\$aPrevious copyright fee: GBP16.77$c32\0$e02-mar-2011$fGBP16.77$g0$hP$5Uk
=ACF  \\$aCurrent copyright fee: GBP10.50$c0$e01-jan-2011$fGBP10.50$g0$hA$5Uk
=ACF  \\$aPrevious Copyright Fee: GBP17.86$c0$e01-jul-2009$fGBP17.86$g0$hC$5Uk
=ACF  \\$aPrevious Copyright Fee: GBP17.86$c0$e01-apr-2009$fGBP17.86$g0$hC$5Uk
=ACF  \\$aPrevious copyright fee: GBP20.00$c32\0$e01-jan-2012$fGBP20.00$g0$hP$5Uk
=ACF  \\$aPrevious copyright fee: GBP18.79$c32\0$e01-jul-2012$fGBP18.79$g0$hP$5Uk
=ACF  \\$aPrevious copyright fee: GBP19.38$c32\0$e01-jan-2013$fGBP19.38$g0$hP$5Uk
=ACF  \\$aPrevious copyright fee: GBP20.00$c32\0$e01-jul-2013$fGBP20.00$g0$hP$5Uk
=ACF  \\$aPrevious copyright fee: GBP19.38$c32\0$e01-jan-2014$fGBP19.38$g0$hP$5Uk
=ACF  \\$aPrevious copyright fee: GBP18.79$c32\0$e01-jul-2014$fGBP18.79$g0$hP$5Uk
=ACF  \\$aPrevious copyright fee: GBP20.00$c32\0$e01-apr-2015$fGBP20.00$g0$hP$5Uk
=ACF  \\$aPrevious copyright fee: GBP20.67$c32\0$e01-jul-2015$fGBP20.67$g0$hP$5Uk
=ACF  \\$aPrevious copyright fee: GBP20.00$c32\0$e01-oct-2015$fGBP20.00$g0$hP$5Uk
=ACF  \\$aPrevious copyright fee: GBP21.38$c32\0$e01-apr-2016$fGBP21.38$g0$hP$5Uk
=ACF  \\$aPrevious copyright fee: GBP22.96$c32\0$e01-oct-2016$fGBP22.96$g0$hP$5Uk
=ACF  \\$aPrevious copyright fee: GBP24.44$c32\0$e01-jan-2017$fGBP24.44$g0$hP$5Uk
=ACF  \\$aPrevious copyright fee: GBP26.40$c32\0$e01-apr-2017$fGBP26.40$g0$hP$5Uk
=ACF  \\$aPrevious copyright fee: GBP25.38$c32\0$e01-oct-2017$fGBP25.38$g0$hP$5Uk
=ACF  \\$aPrevious copyright fee: GBP23.57$c32\0$e01-apr-2018$fGBP23.57$g0$hP$5Uk
=ACF  \\$aPrevious copyright fee: GBP25.38$c32\0$e01-oct-2018$fGBP25.38$g0$hP$5Uk
=ACF  \\$aPrevious copyright fee: GBP26.40$c32\0$e01-oct-2019$fGBP26.40$g0$hP$5Uk
=ACF  \\$aPrevious copyright fee: GBP25.38$c32\0$e01-apr-2020$fGBP25.38$g0$hP$5Uk
=ACF  \\$aPrevious copyright fee: GBP26.40$c32\0$e01-jul-2020$fGBP26.40$g0$hP$5Uk
=ACF  \\$aPrevious copyright fee: GBP24.44$c32\0$e01-apr-2021$fGBP24.44$g0$hP$5Uk
=ACF  \\$aPrevious copyright fee: GBP23.57$c32\0$e07-jul-2021$fGBP23.57$g0$hP$5Uk
=CAT  \\$aCONV$b00$c20040425$lBLL90$h0851
=CAT  \\$aIPL-CLA$c20160930$lBLL01$h1557
=CAT  \\$aBATCH-UPD$b00$c20161122$lBLL01$h1533
=CAT  \\$aIPL-CLA$c20161230$lBLL01$h2054
=CAT  \\$aBATCH-UPD$b00$c20170221$lBLL01$h1734
=CAT  \\$aIPL-CLA$c20170331$lBLL01$h1839
=CAT  \\$aBATCH-UPD$b00$c20170904$lBLL01$h1934
=CAT  \\$aIPL-CLA$c20170929$lBLL01$h1723
=CAT  \\$aBATCH-UPD$b00$c20180223$lBLL01$h1809
=CAT  \\$aIPL-CLA$c20180331$lBLL01$h1614
=CAT  \\$aBATCH-UPD$b00$c20180823$lBLL01$h1950
=CAT  \\$aIPL-CLA$c20180930$lBLL01$h1459
=CAT  \\$aBATCH-UPD$b00$c20190829$lBLL01$h1550
=CAT  \\$aIPL-CLA$c20190930$lBLL01$h1635
=CAT  \\$aBATCH-UPD$b00$c20200219$lBLL01$h1531
=CAT  \\$aIPL-CLA$c20200331$lBLL01$h1611
=CAT  \\$aBATCH-UPD$b00$c20200522$lBLL01$h1515
=CAT  \\$aIPL-CLA$c20200701$lBLL01$h0052
=CAT  \\$aBATCH-UPD$b00$c20210226$lBLL01$h1057
=CAT  \\$aIPL-CLA$c20210331$lBLL01$h1659
=CAT  \\$aBATCH-UPD$b00$c20210707$lBLL01$h1621
=CAT  \\$aIPL-CLA$c20210707$lBLL01$h1843
=CAT  \\$aBATCH-UPD$b00$c20220520$lBLL01$h1701
=CAT  \\$aIPL-CLA$c20220630$lBLL01$h1536
=CAT  \\$aBATCH-UPD$b00$c20220824$lBLL01$h0925
=CAT  \\$aIPL-CLA$c20220930$lBLL01$h1426
=CFI  0\$aCurrent copyright fee: GBP27.50$c32\0$e01-oct-2022$fGBP27.50$g0$hP$5Uk
=CFI  2\$aPrevious copyright fee: GBP26.40$c32\0$e01-jul-2022$fGBP26.40$g0$hP$5Uk
=FFP  \\$aY$bBLDSS-3PM
=FIN  \\$aY
=FMT  \\$a  SE
=LAS  \\$aIPL-CLA$b00$c20220930$lBLL01$h1426
=LEO  \\$aMP25.0000012842
=LKR  \\$aPAR$b011140808$lBLL01$r78000$mI.R.E. transactions on electron devices$nTransactions of the IRE Professional Group on Electron Devices.
=SRC  \\$aSRI01$bbibmp25.200404.2.aa
=TCO  \\$aTRS$bCCC$c008
=TOC  \\$aETOC
=UNO  \\$aY

