=LDR  07319cas a2201369ua 4500
=001  012102633
=003  Uk
=005  20220930142603.0
=007  ta
=008  840327d19551962nyuuu\p\\\a\\\1\\\a0eng\\
=019  0\$as092578012
=022  0\$a0096-1000
=040  \\$aUk$cUk$dUk
=084  \\$aRQ 80$2blsrissc
=222  \0$aI.R.E. transactions on information theory
=245  00$aIRE transactions on information theory.
=246  3\$aInstitute of Radio Engineers transactions on information theory
=260  \\$aNew York :$bInstitute of Radio Engineers,$c1955-1962.
=300  \\$av. :$bill. ;$c28 cm.
=336  \\$atext$2rdacontent
=337  \\$aunmediated$2rdamedia
=338  \\$avolume$2rdacarrier
=362  0\$aVol. IT-1, no. 1 (Mar. 1955)-v. IT-8, no. 6 (Oct. 1962).
=500  \\$aPublished for the Institute's Professional Group on Information Theory.
=504  \\$aFrom vol. IT-6, 1960 contains abstracts.
=540  \\$aCurrent copyright fee: GBP27.50$c32\0$5Uk
=555  \\$aCumulative index shelved with "Institute of Radio Engineers. Proceedings", q.v.
=710  2\$aInstitute of Radio Engineers.
=710  2\$aInstitute of Radio Engineers.$bProfessional Group on Information Theory.
=780  00$tTransactions of the I.R.E. Professional Group on Information Theory
=785  00$tIEEE transactions on information theory$x0018-9448
=852  49$aBritish Library$bDSC$3See shelfmark 8954.000000
=852  71$aBritish Library$bSTI$k(P)$hRQ 80$m-E(1)$2blsrissc$31955-1962; Vol.IT-1 - IT-8. ; Deficient: IT-6, no.1, 1960
=856  \\$31850-9999$uhttp://ieeexplore.ieee.org/Xplore/home.jsp$xBLDSS
=968  \\$aC
=ACF  \\$aPrevious copyright fee: GBP16.25$c32\0$e01-jul-2011$fGBP16.25$g0$hP$5Uk
=ACF  \\$aPrevious copyright fee: GBP16.77$c32\0$e04-mar-2011$fGBP16.77$g0$hP$5Uk
=ACF  \\$aCurrent copyright fee: GBP10.50$c0$e01-jan-2011$fGBP10.50$g0$hA$5Uk
=ACF  \\$aPrevious Copyright Fee: GBP17.86$c0$e01-jul-2009$fGBP17.86$g0$hC$5Uk
=ACF  \\$aPrevious Copyright Fee: GBP17.86$c0$e01-apr-2009$fGBP17.86$g0$hC$5Uk
=ACF  \\$aPrevious Copyright Fee: GBP15.63$c0$e01-jan-2009$fGBP15.63$g0$hC$5Uk
=ACF  \\$aPrevious Copyright Fee: GBP12.50$c0$e01-oct-2008$fGBP12.50$g0$hC$5Uk
=ACF  \\$aPrevious Copyright Fee: GBP12.50$c0$e01-jul-2008$fGBP12.50$g0$hC$5Uk
=ACF  \\$aPrevious Copyright Fee: GBP12.50$c0$e01-apr-2008$fGBP12.50$g0$hC$5Uk
=ACF  \\$aPrevious Copyright Fee: GBP12.50$c0$e01-jan-2008$fGBP12.50$g0$hC$5Uk
=ACF  \\$aPrevious Copyright Fee: GBP12.50$c0$e01-oct-2007$fGBP12.50$g0$hC$5Uk
=ACF  \\$aPrevious Copyright Fee: GBP12.50$c0$e01-jul-2007$fGBP12.50$g0$hC$5Uk
=ACF  \\$aPrevious Copyright Fee: GBP12.82$c0$e01-apr-2007$fGBP12.82$g0$hC$5Uk
=ACF  \\$aPrevious Copyright Fee: GBP10.81$c0$e01-jan-2007$fGBP10.81$g0$hC$5Uk
=ACF  \\$aPrevious Copyright Fee: GBP10.81$c0$e01-oct-2006$fGBP10.81$g0$hC$5Uk
=ACF  \\$aPrevious Copyright Fee: GBP11.43$c0$e01-jul-2006$fGBP11.43$g0$hC$5Uk
=ACF  \\$aPrevious Copyright Fee: GBP11.43$c0$e01-apr-2006$fGBP11.43$g0$hC$5Uk
=ACF  \\$aPrevious Copyright Fee: GBP11.11$c0$e01-jan-2006$fGBP11.11$g0$hC$5Uk
=ACF  \\$aPrevious Copyright Fee: GBP10.81$c0$e01-oct-2005$fGBP10.81$g0$hC$5Uk
=ACF  \\$aPrevious Copyright Fee: GBP10.81$c0$e01-jul-2005$fGBP10.81$g0$hC$5Uk
=ACF  \\$aPrevious Copyright Fee: GBP10.81$c0$e01-apr-2005$fGBP10.81$g0$hC$5Uk
=ACF  \\$aPrevious Copyright Fee: GBP11.11$c0$e01-jan-2005$fGBP11.11$g0$hC$5Uk
=ACF  \\$aPrevious Copyright Fee: GBP10.81$c0$e01-oct-2004$fGBP10.81$g0$hC$5Uk
=ACF  \\$aPrevious copyright fee: GBP20.00$c32\0$e01-jan-2012$fGBP20.00$g0$hP$5Uk
=ACF  \\$aPrevious copyright fee: GBP18.79$c32\0$e01-jul-2012$fGBP18.79$g0$hP$5Uk
=ACF  \\$aPrevious copyright fee: GBP19.38$c32\0$e01-jan-2013$fGBP19.38$g0$hP$5Uk
=ACF  \\$aPrevious copyright fee: GBP20.00$c32\0$e01-jul-2013$fGBP20.00$g0$hP$5Uk
=ACF  \\$aPrevious copyright fee: GBP19.38$c32\0$e01-jan-2014$fGBP19.38$g0$hP$5Uk
=ACF  \\$aPrevious copyright fee: GBP18.79$c32\0$e01-jul-2014$fGBP18.79$g0$hP$5Uk
=ACF  \\$aPrevious copyright fee: GBP20.00$c32\0$e01-apr-2015$fGBP20.00$g0$hP$5Uk
=ACF  \\$aPrevious copyright fee: GBP20.67$c32\0$e01-jul-2015$fGBP20.67$g0$hP$5Uk
=ACF  \\$aPrevious copyright fee: GBP20.00$c32\0$e01-oct-2015$fGBP20.00$g0$hP$5Uk
=ACF  \\$aPrevious copyright fee: GBP21.38$c32\0$e01-apr-2016$fGBP21.38$g0$hP$5Uk
=ACF  \\$aPrevious copyright fee: GBP22.96$c32\0$e01-oct-2016$fGBP22.96$g0$hP$5Uk
=ACF  \\$aPrevious copyright fee: GBP24.44$c32\0$e01-jan-2017$fGBP24.44$g0$hP$5Uk
=ACF  \\$aPrevious copyright fee: GBP26.40$c32\0$e01-apr-2017$fGBP26.40$g0$hP$5Uk
=ACF  \\$aPrevious copyright fee: GBP25.38$c32\0$e01-oct-2017$fGBP25.38$g0$hP$5Uk
=ACF  \\$aPrevious copyright fee: GBP23.57$c32\0$e01-apr-2018$fGBP23.57$g0$hP$5Uk
=ACF  \\$aPrevious copyright fee: GBP25.38$c32\0$e01-oct-2018$fGBP25.38$g0$hP$5Uk
=ACF  \\$aPrevious copyright fee: GBP26.40$c32\0$e01-oct-2019$fGBP26.40$g0$hP$5Uk
=ACF  \\$aPrevious copyright fee: GBP25.38$c32\0$e01-apr-2020$fGBP25.38$g0$hP$5Uk
=ACF  \\$aPrevious copyright fee: GBP26.40$c32\0$e01-jul-2020$fGBP26.40$g0$hP$5Uk
=ACF  \\$aPrevious copyright fee: GBP24.44$c32\0$e01-apr-2021$fGBP24.44$g0$hP$5Uk
=ACF  \\$aPrevious copyright fee: GBP23.57$c32\0$e07-jul-2021$fGBP23.57$g0$hP$5Uk
=CAT  \\$aCONV$b00$c20040425$lBLL90$h0851
=CAT  \\$aIPL-CLA$c20160930$lBLL01$h1557
=CAT  \\$aBATCH-UPD$b00$c20161122$lBLL01$h1533
=CAT  \\$aIPL-CLA$c20161230$lBLL01$h2054
=CAT  \\$aBATCH-UPD$b00$c20170221$lBLL01$h1734
=CAT  \\$aIPL-CLA$c20170331$lBLL01$h1839
=CAT  \\$aBATCH-UPD$b00$c20170904$lBLL01$h1934
=CAT  \\$aIPL-CLA$c20170929$lBLL01$h1723
=CAT  \\$aBATCH-UPD$b00$c20180223$lBLL01$h1809
=CAT  \\$aIPL-CLA$c20180331$lBLL01$h1614
=CAT  \\$aBATCH-UPD$b00$c20180823$lBLL01$h1950
=CAT  \\$aIPL-CLA$c20180930$lBLL01$h1459
=CAT  \\$aBATCH-UPD$b00$c20190829$lBLL01$h1550
=CAT  \\$aIPL-CLA$c20190930$lBLL01$h1635
=CAT  \\$aBATCH-UPD$b00$c20200219$lBLL01$h1531
=CAT  \\$aIPL-CLA$c20200331$lBLL01$h1611
=CAT  \\$aBATCH-UPD$b00$c20200522$lBLL01$h1515
=CAT  \\$aIPL-CLA$c20200701$lBLL01$h0052
=CAT  \\$aBATCH-UPD$b00$c20210226$lBLL01$h1057
=CAT  \\$aIPL-CLA$c20210331$lBLL01$h1659
=CAT  \\$aBATCH-UPD$b00$c20210707$lBLL01$h1621
=CAT  \\$aIPL-CLA$c20210707$lBLL01$h1843
=CAT  \\$aBATCH-UPD$b00$c20220520$lBLL01$h1702
=CAT  \\$aIPL-CLA$c20220630$lBLL01$h1536
=CAT  \\$aBATCH-UPD$b00$c20220824$lBLL01$h0925
=CAT  \\$aIPL-CLA$c20220930$lBLL01$h1426
=CFI  0\$aCurrent copyright fee: GBP27.50$c32\0$e01-oct-2022$fGBP27.50$g0$hP$5Uk
=CFI  2\$aPrevious copyright fee: GBP26.40$c32\0$e01-jul-2022$fGBP26.40$g0$hP$5Uk
=FFP  \\$aY$bBLDSS-3PM
=FIN  \\$aY
=FMT  \\$a  SE
=LAS  \\$aIPL-CLA$b00$c20220930$lBLL01$h1426
=LEO  \\$aMP25.0000012857
=LKR  \\$aPAR$b012102632$lBLL01$r78000$mI.R.E. transactions on information theory$nTransactions of the I.R.E. Professional Group on Information Theory.
=SRC  \\$aSRI01$bbibmp25.200404.2.aa
=TCO  \\$aTRS$bCCC$c008
=TOC  \\$aETOC
=UNO  \\$aY

