=LDR  04130cas a22009497a 4500
=001  012447326
=003  Uk
=005  20220930142628.0
=008  040416d199u199usz\\x\m\\\\\\\0\\\a0eng\\
=019  c\$a2593388
=022  \\$a1422-6251
=040  \\$aUk$cUk$dUk
=210  1\$aKey issues hum. genet.
=222  \0$aKey issues in human genetics
=245  00$aKey issues in human genetics.
=260  \\$aBasel :$bS. Karger
=300  \\$av.
=336  \\$atext$2rdacontent
=337  \\$aunmediated$2rdamedia
=338  \\$avolume$2rdacarrier
=540  \\$aCurrent copyright fee: GBP37.92$c24\0$5Uk
=595  \\$aFORMERLY 5915.45 SEE CARD INDEX.
=780  00$tMonographs in human genetics$x0077-0876
=852  41$aBritish Library$bSTI
=856  \\$31850-9999$uhttp://www.karger.com/$xBLDSS
=945  \\$aKEY ISSUES IN HUMAN GENETICS.
=979  \\$aBritish Library$bDSC$j5091.823352N
=985  \\$aRecord merged by Metadata Quality team
=A02  \\$a2593388$z42375
=ACF  \\$aPrevious copyright fee: GBP28.44$c24\0$e01-jan-2014$fGBP28.44$g0$hP$5Uk
=ACF  \\$aPrevious copyright fee: GBP27.56$c24\0$e01-jul-2014$fGBP27.56$g0$hP$5Uk
=ACF  \\$aPrevious copyright fee: GBP29.35$c24\0$e01-apr-2015$fGBP29.35$g0$hP$5Uk
=ACF  \\$aPrevious copyright fee: GBP30.33$c24\0$e01-jul-2015$fGBP30.33$g0$hP$5Uk
=ACF  \\$aPrevious copyright fee: GBP29.35$c24\0$e01-oct-2015$fGBP29.35$g0$hP$5Uk
=ACF  \\$aPrevious copyright fee: GBP31.38$c24\0$e01-apr-2016$fGBP31.38$g0$hP$5Uk
=ACF  \\$aPrevious copyright fee: GBP33.70$c24\0$e01-oct-2016$fGBP33.70$g0$hP$5Uk
=ACF  \\$aPrevious copyright fee: GBP36.40$c24\0$e01-apr-2017$fGBP36.40$g0$hP$5Uk
=ACF  \\$aPrevious copyright fee: GBP35.00$c24\0$e01-oct-2017$fGBP35.00$g0$hP$5Uk
=ACF  \\$aPrevious copyright fee: GBP32.50$c24\0$e01-apr-2018$fGBP32.50$g0$hP$5Uk
=ACF  \\$aPrevious copyright fee: GBP35.00$c24\0$e01-oct-2018$fGBP35.00$g0$hP$5Uk
=ACF  \\$aPrevious copyright fee: GBP36.40$c24\0$e01-oct-2019$fGBP36.40$g0$hP$5Uk
=ACF  \\$aPrevious copyright fee: GBP35.00$c24\0$e01-apr-2020$fGBP35.00$g0$hP$5Uk
=ACF  \\$aPrevious copyright fee: GBP36.40$c24\0$e01-jul-2020$fGBP36.40$g0$hP$5Uk
=ACF  \\$aPrevious copyright fee: GBP33.70$c24\0$e01-apr-2021$fGBP33.70$g0$hP$5Uk
=ACF  \\$aPrevious copyright fee: GBP32.50$c24\0$e07-jul-2021$fGBP32.50$g0$hP$5Uk
=CAT  \\$aCONV$b00$c20040425$lBLL90$h0713
=CAT  \\$aBATCH-UPD$b00$c20160525$lBLL01$h0015
=CAT  \\$aBATCH-UPD$b00$c20160824$lBLL01$h1820
=CAT  \\$aIPL-CLA$c20160930$lBLL01$h1559
=CAT  \\$aBATCH-UPD$b00$c20170216$lBLL01$h1910
=CAT  \\$aIPL-CLA$c20170331$lBLL01$h1841
=CAT  \\$aBATCH-UPD$b00$c20170904$lBLL01$h1926
=CAT  \\$aIPL-CLA$c20170929$lBLL01$h1725
=CAT  \\$aBATCH-UPD$b00$c20180223$lBLL01$h1758
=CAT  \\$aIPL-CLA$c20180331$lBLL01$h1616
=CAT  \\$aBATCH-UPD$b00$c20180823$lBLL01$h1942
=CAT  \\$aIPL-CLA$c20180930$lBLL01$h1500
=CAT  \\$aBATCH-UPD$b00$c20190829$lBLL01$h1540
=CAT  \\$aIPL-CLA$c20190930$lBLL01$h1635
=CAT  \\$aBATCH-UPD$b00$c20200219$lBLL01$h1522
=CAT  \\$aIPL-CLA$c20200331$lBLL01$h1612
=CAT  \\$aBATCH-UPD$b00$c20200522$lBLL01$h1507
=CAT  \\$aIPL-CLA$c20200701$lBLL01$h0053
=CAT  \\$aBATCH-UPD$b00$c20210226$lBLL01$h1049
=CAT  \\$aIPL-CLA$c20210331$lBLL01$h1659
=CAT  \\$aBATCH-UPD$b00$c20210707$lBLL01$h1612
=CAT  \\$aIPL-CLA$c20210707$lBLL01$h1843
=CAT  \\$aBATCH-UPD$b00$c20220520$lBLL01$h1652
=CAT  \\$aIPL-CLA$c20220630$lBLL01$h1537
=CAT  \\$aBATCH-UPD$b00$c20220824$lBLL01$h0917
=CAT  \\$aIPL-CLA$c20220930$lBLL01$h1426
=CFI  0\$aCurrent copyright fee: GBP37.92$c24\0$e01-oct-2022$fGBP37.92$g0$hP$5Uk
=CFI  2\$aPrevious copyright fee: GBP36.40$c24\0$e01-jul-2022$fGBP36.40$g0$hP$5Uk
=FFP  \\$aY$bBLDSS-3PM
=FMT  \\$a  SE
=LAS  \\$aIPL-CLA$b00$c20220930$lBLL01$h1426
=LEO  \\$aMP10.0000331048
=SRC  \\$aDSS03$bbibsr.200404.2.aa
=SRC  \\$aDSS01$bbibmp10.200404.2.aa
=TCO  \\$aCHE$bPRO LITTERIS$cCLA
=TOC  \\$aETOC
=UNO  \\$aY

