=LDR  06774cas a2201345 a 4500
=001  012749068
=003  Uk
=005  20211231154229.0
=007  ta
=008  021125d19861992enkmr\p\\\\\\\0\\\a0eng\\
=019  0\$as099011026
=019  c\$a2317040
=022  0\$a0883-2889
=040  \\$aUk$cUk$dUk
=082  04$a660.2982$221
=084  \\$aPU 90$2blsrissc
=084  \\$aPT 14$2blsrissc
=084  \\$aOE 10$2blsrissc
=210  0\$aInt. j. radiat. appl. instrum., Part A, Appl. radiat. isot.
=222  \0$aInternational journal of radiation applications and instrumentation. Part A, Applied radiation and isotopes
=245  00$aInternational journal of radiation applications and instrumentation.$nPart A,$pApplied radiation and isotopes.
=260  \\$aOxford ;$aNew York :$bPergamon,$c1986-1992.
=300  \\$a7 v. :$bill. ;$c27 cm.
=310  \\$aMonthly
=336  \\$atext$2rdacontent
=337  \\$aunmediated$2rdamedia
=338  \\$avolume$2rdacarrier
=362  0\$aVol. 37, no. 1 (1986)-v. 43, no. 12 (Dec. 1992).
=540  \\$aCurrent copyright fee: GBP34.30$c5\1$5Uk
=580  \\$aFrom 1996 incorporates "Nuclear geophysics", q.v.
=650  \0$aRadiation$vPeriodicals.
=650  \0$aRadioisotopes$vPeriodicals.
=780  00$tInternational journal of applied radiation and isotopes$x0020-708X
=785  00$tApplied radiation and isotopes$x0969-8043
=852  49$aBritish Library$bDSC$3See shelfmark 1576.565000 for vol. 36, 1986-
=852  71$aBritish Library$bSTI$k(P)$hPU 90$m-E(6)$2blsrissc$3Vol. 37, no. 1 (1986)-v. 43, no. 12 (Dec. 1992)
=856  \\$31850-9999$uhttp://www.elsevier.com/journals$xBLDSS
=985  \\$aISSN responsibility transferred to ISSN Netherlands Centre. Change made globally by ISSN International Centre in connection with Elsevier serials - Jan. 2009.
=985  \\$aRecord merged by DQ team
=ACF  \\$aPrevious Copyright Fee: GBP21.00$c0$e01-apr-2012$fGBP21.00$g0$hC$5Uk
=ACF  \\$aPrevious Copyright Fee: GBP21.00$c0$e01-jan-2012$fGBP21.00$g0$hC$5Uk
=ACF  \\$aPrevious Copyright Fee: GBP20.00$c0$e01-oct-2011$fGBP20.00$g0$hC$5Uk
=ACF  \\$aPrevious Copyright Fee: GBP20.00$c0$e01-jul-2011$fGBP20.00$g0$hC$5Uk
=ACF  \\$aPrevious Copyright Fee: GBP20.00$c0$e01-apr-2011$fGBP20.00$g0$hC$5Uk
=ACF  \\$aPrevious Copyright Fee: GBP20.00$c0$e01-jan-2011$fGBP20.00$g0$hC$5Uk
=ACF  \\$aPrevious Copyright Fee: GBP20.00$c0$e01-oct-2010$fGBP20.00$g0$hC$5Uk
=ACF  \\$aPrevious Copyright Fee: GBP20.00$c0$e01-jul-2010$fGBP20.00$g0$hC$5Uk
=ACF  \\$aPrevious Copyright Fee: GBP20.00$c0$e01-apr-2010$fGBP20.00$g0$hC$5Uk
=ACF  \\$aPrevious Copyright Fee: GBP20.00$c0$e01-Jan-2010$fGBP20.00$g0$hC$5Uk
=ACF  \\$aPrevious Copyright Fee: GBP20.00$c0$e01-oct-2009$fGBP20.00$g0$hC$5Uk
=ACF  \\$aPrevious Copyright Fee: GBP20.00$c0$e01-jul-2009$fGBP20.00$g0$hC$5Uk
=ACF  \\$aPrevious Copyright Fee: GBP20.00$c0$e01-apr-2009$fGBP20.00$g0$hC$5Uk
=ACF  \\$aPrevious Copyright Fee: GBP20.00$c0$e01-jan-2009$fGBP20.00$g0$hC$5Uk
=ACF  \\$aPrevious Copyright Fee: GBP19.00$c0$e01-oct-2008$fGBP19.00$g0$hC$5Uk
=ACF  \\$aPrevious Copyright Fee: GBP19.00$c0$e01-jul-2008$fGBP19.00$g0$hC$5Uk
=ACF  \\$aPrevious Copyright Fee: GBP19.00$c0$e01-apr-2008$fGBP19.00$g0$hC$5Uk
=ACF  \\$aPrevious Copyright Fee: GBP19.00$c0$e01-jan-2008$fGBP19.00$g0$hC$5Uk
=ACF  \\$aPrevious Copyright Fee: GBP18.00$c0$e01-oct-2007$fGBP18.00$g0$hC$5Uk
=ACF  \\$aPrevious Copyright Fee: GBP18.00$c0$e01-jul-2007$fGBP18.00$g0$hC$5Uk
=ACF  \\$aPrevious Copyright Fee: GBP18.00$c0$e01-apr-2007$fGBP18.00$g0$hC$5Uk
=ACF  \\$aPrevious Copyright Fee: GBP18.00$c0$e01-jan-2007$fGBP18.00$g0$hC$5Uk
=ACF  \\$aPrevious Copyright Fee: GBP18.00$c0$e01-oct-2006$fGBP18.00$g0$hC$5Uk
=ACF  \\$aPrevious Copyright Fee: GBP18.00$c0$e01-jul-2006$fGBP18.00$g0$hC$5Uk
=ACF  \\$aPrevious Copyright Fee: GBP18.00$c0$e01-apr-2006$fGBP18.00$g0$hC$5Uk
=ACF  \\$aPrevious Copyright Fee: GBP18.00$c0$e01-jan-2006$fGBP18.00$g0$hC$5Uk
=ACF  \\$aPrevious Copyright Fee: GBP18.00$c0$e01-oct-2005$fGBP18.00$g0$hC$5Uk
=ACF  \\$aPrevious Copyright Fee: GBP18.00$c0$e01-jul-2005$fGBP18.00$g0$hC$5Uk
=ACF  \\$aPrevious Copyright Fee: GBP18.00$c0$e01-apr-2005$fGBP18.00$g0$hC$5Uk
=ACF  \\$aPrevious Copyright Fee: GBP18.00$c0$e01-jan-2005$fGBP18.00$g0$hC$5Uk
=ACF  \\$aPrevious Copyright Fee: GBP20.00$c0$e01-oct-2004$fGBP20.00$g0$hC$5Uk
=ACF  \\$aPrevious Copyright Fee: GBP21.00$c0$e01-oct-2012$fGBP21.00$g0$hC$5Uk
=ACF  \\$aPrevious Copyright Fee: GBP21.00$c0$e01-jul-2012$fGBP21.00$g0$hC$5Uk
=ACF  \\$aPrevious copyright fee: GBP21.00$c5\1$e11-dec-2012$fGBP21.00$g0$hP$5Uk
=ACF  \\$aPrevious copyright fee: GBP22.50$c5\1$e01-jan-2013$fGBP22.50$g0$hP$5Uk
=ACF  \\$aPrevious copyright fee: GBP23.40$c5\1$e01-jan-2018$fGBP23.40$g0$hP$5Uk
=CAT  \\$aCONV$b00$c20040425$lBLL90$h0851
=CAT  \\$aBATCH-CLA$b00$c20110531$lBLL01$h1635
=CAT  \\$aIPL-CLA$c20110630$lBLL01$h1542
=CAT  \\$aBATCH-CLA$b00$c20110831$lBLL01$h1751
=CAT  \\$aIPL-CLA$c20110930$lBLL01$h1547
=CAT  \\$aBATCH-CLA$b00$c20111130$lBLL01$h1213
=CAT  \\$aIPL-CLA$c20111230$lBLL01$h2016
=CAT  \\$aBATCH-CLA$b00$c20120229$lBLL01$h1625
=CAT  \\$aIPL-CLA$c20120330$lBLL01$h1433
=CAT  \\$aBATCH-CLA$b00$c20120531$lBLL01$h1703
=CAT  \\$aIPL-CLA$c20120629$lBLL01$h1032
=CAT  \\$aBATCH-CLA$b00$c20120831$lBLL01$h1540
=CAT  \\$aIPL-CLA$c20120930$lBLL01$h2117
=CAT  \\$aBATCH-CLA$b00$c20121109$lBLL01$h1732
=CAT  \\$a5552$b40$c20121211$lBLL01$h1214
=CAT  \\$aIPL-CLA$c20121231$lBLL01$h1310
=CAT  \\$aIPL-CLA$c20130102$lBLL01$h1728
=CAT  \\$aBLDSS-3PM$b00$c20141222$lBLL01$h1713
=CAT  \\$aBATCH-UPD$b00$c20160413$lBLL01$h1817
=CAT  \\$aBATCH-UPD$b00$c20171121$lBLL01$h1743
=CAT  \\$aBATCH-UPD$b00$c20171121$lBLL01$h2347
=CAT  \\$aIPL-CLA$c20171231$lBLL01$h1627
=CAT  \\$aBATCH-UPD$b00$c20190521$lBLL01$h1435
=CAT  \\$aIPL-CLA$c20190630$lBLL01$h1532
=CAT  \\$aBATCH-UPD$b00$c20211119$lBLL01$h1552
=CAT  \\$aIPL-CLA$c20211231$lBLL01$h1542
=CFI  0\$aCurrent copyright fee: GBP34.30$c5\1$e01-jan-2022$fGBP34.30$g0$hP$5Uk
=CFI  2\$aPrevious copyright fee: GBP32.84$c5\1$e01-jul-2019$fGBP32.84$g0$hP$5Uk
=FFP  \\$aY$bBLDSS-3PM
=FIN  \\$aY
=FMT  \\$a  SE
=LAS  \\$aIPL-CLA$b00$c20211231$lBLL01$h1542
=LEO  \\$aMP10.0000295957
=LEO  \\$aMP22.0000023973
=LEO  \\$aMP25.0000016346
=SRC  \\$aDSS01$bbibmp10.200404.2.aa
=SRC  \\$aISN01$bbibmp22.200404.2.aa
=SRC  \\$aSRI01$bbibmp25.200404.2.aa
=TCO  \\$aCLA$bCLA$c008
=TOC  \\$aETOC

