=LDR  05407cas a2201165 a 4500
=001  012750528
=003  Uk
=005  20220930142632.0
=007  ta
=008  841023d19581988xxumr\p\\\\\\\0\\\a0eng\\
=019  0\$as101760000
=022  0\$a0031-9171
=040  \\$aUk$cUk$dUk
=082  \4$a530.13
=084  \\$aSF 00$2blsrissc
=130  0\$aPhysics of fluids (New York, N.Y., 1958)
=210  0\$aPhys. fluids$b(1958)
=222  \4$aThe Physics of fluids$b(1958)
=245  10$aPhysics of fluids.
=260  \\$aNew York :$bAmerican Institute of Physics,$c1958-1988.
=300  \\$a31 v. :$bill. ;$c29 cm.
=310  \\$aMonthly,$bJan. 1961-Dec. 1988
=321  \\$aBimonthly,$bJan./Feb. 1958-Nov./Dec. 1960
=336  \\$atext$2rdacontent
=337  \\$aunmediated$2rdamedia
=338  \\$avolume$2rdacarrier
=362  0\$aVol. 1 (Jan./Feb. 1958)-v. 31 (Dec. 1988)
=540  \\$aCurrent copyright fee: GBP29.17$c7\0$5Uk
=580  \\$aSplit into: Physics of fluids. A, Fluid dynamics; and: Physics of fluids. B, Plasma physics.
=650  \0$aStatistical mechanics$vPeriodicals.
=650  \0$aFluid mechanics$vPeriodicals.
=650  \0$aMagnetohydrodynamics$vPeriodicals.
=710  2\$aAmerican Institute of Physics.
=785  16$tPhysics of fluids. A, Fluid dynamics$x0899-8213
=785  16$tPhysics of fluids. B, Plasma physics$x0899-8221
=852  41$aBritish Library$bDSC$3See shelfmark 6478.600000
=852  71$aBritish Library$bSTI$k(P)$hSF 00$m-E(1)$2blsrissc$3Vol. 1 (1958)-v. 31 (1988)***UKRR Retained Title
=856  \\$31850-9999$uhttp://www.aip.org/$xBLDSS
=985  \\$aRecord enhanced by DQ team
=ACF  \\$aPrevious Copyright Fee: GBP17.86$c0$e01-jul-2009$fGBP17.86$g0$hC$5Uk
=ACF  \\$aPrevious Copyright Fee: GBP17.86$c0$e01-apr-2009$fGBP17.86$g0$hC$5Uk
=ACF  \\$aPrevious Copyright Fee: GBP14.38$c0$e01-jan-2009$fGBP14.38$g0$hC$5Uk
=ACF  \\$aPrevious Copyright Fee: GBP11.50$c0$e01-oct-2008$fGBP11.50$g0$hC$5Uk
=ACF  \\$aPrevious Copyright Fee: GBP11.50$c0$e01-jul-2008$fGBP11.50$g0$hC$5Uk
=ACF  \\$aPrevious Copyright Fee: GBP11.50$c0$e01-apr-2008$fGBP11.50$g0$hC$5Uk
=ACF  \\$aPrevious Copyright Fee: GBP11.50$c0$e01-jan-2008$fGBP11.50$g0$hC$5Uk
=ACF  \\$aPrevious Copyright Fee: GBP11.50$c0$e01-oct-2007$fGBP11.50$g0$hC$5Uk
=ACF  \\$aPrevious Copyright Fee: GBP11.50$c0$e01-jul-2007$fGBP11.50$g0$hC$5Uk
=ACF  \\$aBritish Library not licensed to copy$c0$e07-sep-2011$hC$iTX$5Uk
=ACF  \\$aPrevious copyright fee: GBP10.50$c0$e01-jan-2011$fGBP10.50$g0$hA$5Uk
=ACF  \\$aPrevious copyright fee: GBP19.35$c7\0$e22-feb-2016$fGBP19.35$g0$hP$5Uk
=ACF  \\$aPrevious copyright fee: GBP20.69$c7\0$e01-apr-2016$fGBP20.69$g0$hP$5Uk
=ACF  \\$aPrevious copyright fee: GBP22.22$c7\0$e01-oct-2016$fGBP22.22$g0$hP$5Uk
=ACF  \\$aPrevious copyright fee: GBP24.00$c7\0$e01-apr-2017$fGBP24.00$g0$hP$5Uk
=ACF  \\$aPrevious copyright fee: GBP23.08$c7\0$e01-oct-2017$fGBP23.08$g0$hP$5Uk
=ACF  \\$aPrevious copyright fee: GBP21.43$c7\0$e01-apr-2018$fGBP21.43$g0$hP$5Uk
=ACF  \\$aPrevious copyright fee: GBP23.08$c7\0$e01-oct-2018$fGBP23.08$g0$hP$5Uk
=ACF  \\$aPrevious copyright fee: GBP24.00$c7\0$e01-oct-2019$fGBP24.00$g0$hP$5Uk
=ACF  \\$aPrevious copyright fee: GBP23.08$c7\0$e01-apr-2020$fGBP23.08$g0$hP$5Uk
=ACF  \\$aPrevious copyright fee: GBP24.00$c7\0$e01-jul-2020$fGBP24.00$g0$hP$5Uk
=ACF  \\$aPrevious copyright fee: GBP28.00$c7\0$e01-oct-2020$fGBP28.00$g0$hP$5Uk
=ACF  \\$aPrevious copyright fee: GBP25.93$c7\0$e01-apr-2021$fGBP25.93$g0$hP$5Uk
=ACF  \\$aPrevious copyright fee: GBP25.00$c7\0$e07-jul-2021$fGBP25.00$g0$hP$5Uk
=CAT  \\$aCONV$b00$c20040425$lBLL90$h0851
=CAT  \\$aIPL-CLA$c20160930$lBLL01$h1559
=CAT  \\$aBATCH-UPD$b00$c20170216$lBLL01$h2027
=CAT  \\$aIPL-CLA$c20170331$lBLL01$h1841
=CAT  \\$aBATCH-UPD$b00$c20170904$lBLL01$h2057
=CAT  \\$aIPL-CLA$c20170929$lBLL01$h1725
=CAT  \\$aBATCH-UPD$b00$c20180223$lBLL01$h1955
=CAT  \\$aIPL-CLA$c20180331$lBLL01$h1616
=CAT  \\$aBATCH-UPD$b00$c20180823$lBLL01$h2010
=CAT  \\$aIPL-CLA$c20180930$lBLL01$h1500
=CAT  \\$aBATCH-UPD$b00$c20190829$lBLL01$h1614
=CAT  \\$aIPL-CLA$c20190930$lBLL01$h1636
=CAT  \\$aBATCH-UPD$b00$c20200219$lBLL01$h1615
=CAT  \\$aIPL-CLA$c20200331$lBLL01$h1612
=CAT  \\$aBATCH-UPD$b00$c20200522$lBLL01$h1541
=CAT  \\$aIPL-CLA$c20200701$lBLL01$h0053
=CAT  \\$aBATCH-UPD$b00$c20200820$lBLL01$h1757
=CAT  \\$aIPL-CLA$c20200930$lBLL01$h1642
=CAT  \\$aBATCH-UPD$b00$c20210226$lBLL01$h1123
=CAT  \\$aIPL-CLA$c20210331$lBLL01$h1700
=CAT  \\$aBATCH-UPD$b00$c20210707$lBLL01$h1647
=CAT  \\$aIPL-CLA$c20210707$lBLL01$h1843
=CAT  \\$aBATCH-UPD$b00$c20220520$lBLL01$h1732
=CAT  \\$aIPL-CLA$c20220630$lBLL01$h1537
=CAT  \\$aBATCH-UPD$b00$c20220824$lBLL01$h0949
=CAT  \\$aIPL-CLA$c20220930$lBLL01$h1426
=CFI  0\$aCurrent copyright fee: GBP29.17$c7\0$e01-oct-2022$fGBP29.17$g0$hP$5Uk
=CFI  2\$aPrevious copyright fee: GBP28.00$c7\0$e01-jul-2022$fGBP28.00$g0$hP$5Uk
=FFP  \\$aY$bBLDSS-3PM
=FIN  \\$aY
=FMT  \\$a  SE
=LAS  \\$aIPL-CLA$b00$c20220930$lBLL01$h1426
=LEO  \\$aMP25.0000018032
=SRC  \\$aSRI01$bbibmp25.200404.2.aa
=TCO  \\$aTRS$bCCC$c008
=TOC  \\$aETOC
=UNO  \\$aY

