=LDR  05638cas a2201153 a 4500
=001  012756165
=003  Uk
=005  20230511162838.0
=008  810203d19721978sp\br\p\\\a\\\0\\\b0spa\\
=019  0\$as112397018
=022  0\$a0366-3175
=040  \\$aUk$cUk$dUk
=082  0\$a666.05$219
=084  \\$aMV 20$2blsrissc
=130  0\$aBoletín de la Sociedad Española de Cerámica y Vidrio (1972)
=210  0\$aBol. Soc. Esp. Cerám. Vidr.
=222  \0$aBoletín de la Sociedad Española de Cerámica y Vidrio
=245  00$aBoletín de la Sociedad Española de Cerámica y Vidrio.
=260  \\$aMadrid :$bThe Sociedad,$c1972-1978.
=300  \\$a7 v. :$bill. ;$c30 cm.
=310  \\$aBi-monthly
=336  \\$atext$2rdacontent
=337  \\$aunmediated$2rdamedia
=338  \\$avolume$2rdacarrier
=362  0\$aVol. 11, núm. 1 (enero/feb. 1972)-vol. 17, núm. 6 (nov./dic. 1978).
=500  \\$aContains abstracts.
=515  \\$aIssue for mayo-junio 1978 wrongly numbered vol. 18, no 3 instead of vol. 17, no. 3.
=540  \\$aCurrent Copyright Fee: zero$c5\1$5Uk
=546  \\$aIn Spanish, with summaries in English, French, and German.
=650  \0$aCeramics$vPeriodicals.
=650  \0$aGlass$vPeriodicals.
=710  2\$aSociedad Española de Cerámica y Vidrio.
=780  00$tBoletín de la Sociedad Española de Cerámica$x0037-8550
=785  00$tCerámica y vidrio
=852  49$aBritish Library$bDSC$3See shelfmark 2191.520000 for vols. 11, 1972- 18, 1978
=852  71$aBritish Library$bSTI$k(P)$hMV 20$m-F(1)$2blsrissc$31972- ; Vol.11-17; vol.22, no.4- ; Deficient: vol.25, no.4, 1986; vol.27, no.1, 1988
=856  \\$31850-9999$uhttp://www.sciencedirect.com/$xBLDSS
=886  2\$2blmarc$a029$b00$aS11239700X$aS112397026
=ACF  \\$aPrevious Copyright Fee: GBP12.30$c0$e01-jan-2014$fGBP12.30$g0$hA$5Uk
=ACF  \\$aPrevious Copyright Fee: GBP1.43$c0$e01-jul-2009$fGBP1.43$g0$hC$5Uk
=ACF  \\$aPrevious Copyright Fee: GBP1.43$c0$e01-apr-2009$fGBP1.43$g0$hC$5Uk
=ACF  \\$aPrevious Copyright Fee: GBP1.25$c0$e01-jan-2009$fGBP1.25$g0$hC$5Uk
=ACF  \\$aPrevious Copyright Fee: GBP1.00$c0$e01-oct-2008$fGBP1.00$g0$hC$5Uk
=ACF  \\$aPrevious Copyright Fee: GBP1.00$c0$e01-jul-2008$fGBP1.00$g0$hC$5Uk
=ACF  \\$aPrevious Copyright Fee: GBP1.00$c0$e01-apr-2008$fGBP1.00$g0$hC$5Uk
=ACF  \\$aPrevious Copyright Fee: GBP1.00$c0$e01-jan-2008$fGBP1.00$g0$hC$5Uk
=ACF  \\$aPrevious Copyright Fee: GBP1.00$c0$e01-oct-2007$fGBP1.00$g0$hC$5Uk
=ACF  \\$aPrevious Copyright Fee: GBP1.00$c0$e01-jul-2007$fGBP1.00$g0$hC$5Uk
=ACF  \\$aPrevious Copyright Fee: GBP1.03$c0$e01-apr-2007$fGBP1.03$g0$hC$5Uk
=ACF  \\$aPrevious Copyright Fee: GBP1.08$c0$e01-jan-2007$fGBP1.08$g0$hC$5Uk
=ACF  \\$aPrevious Copyright Fee: GBP1.08$c0$e01-oct-2006$fGBP1.08$g0$hC$5Uk
=ACF  \\$aPrevious Copyright Fee: GBP1.14$c0$e01-jul-2006$fGBP1.14$g0$hC$5Uk
=ACF  \\$aPrevious Copyright Fee: GBP1.14$c0$e01-apr-2006$fGBP1.14$g0$hC$5Uk
=ACF  \\$aPrevious Copyright Fee: GBP1.11$c0$e01-jan-2006$fGBP1.11$g0$hC$5Uk
=ACF  \\$aPrevious Copyright Fee: GBP1.08$c0$e01-oct-2005$fGBP1.08$g0$hC$5Uk
=ACF  \\$aPrevious Copyright Fee: GBP1.08$c0$e01-jul-2005$fGBP1.08$g0$hC$5Uk
=ACF  \\$aPrevious Copyright Fee: GBP1.08$c0$e01-apr-2005$fGBP1.08$g0$hC$5Uk
=ACF  \\$aPrevious Copyright Fee: GBP1.11$c0$e01-jan-2005$fGBP1.11$g0$hC$5Uk
=ACF  \\$aPrevious Copyright Fee: GBP1.08$c0$e01-oct-2004$fGBP1.08$g0$hC$5Uk
=ACF  \\$aPrevious copyright fee: GBP10.50$c0$e01-jan-2011$fGBP10.50$g0$hA$5Uk
=ACF  \\$aPrevious copyright fee: GBP12.00$c0$e01-jan-2012$fGBP12.00$g0$hA$5Uk
=CAT  \\$aCONV$b00$c20040425$lBLL90$h0851
=CAT  \\$aBATCH-CLA$b00$c20081128$lBLL01$h1751
=CAT  \\$aBATCH-UPD$b00$c20081212$lBLL01$h0043
=CAT  \\$aBATCH-UPD$b00$c20081231$lBLL01$h2316
=CAT  \\$aBATCH-UPD$b00$c20090101$lBLL01$h0050
=CAT  \\$aBATCH$b00$c20090101$lBLL01$h0225
=CAT  \\$aBATCH-CLA$b00$c20090227$lBLL01$h1651
=CAT  \\$aBATCH-UPD$b00$c20090331$lBLL01$h2311
=CAT  \\$aBATCH-UPD$b00$c20090401$lBLL01$h0042
=CAT  \\$aBATCH$b00$c20090401$lBLL01$h0212
=CAT  \\$aBATCH-CLA$b00$c20090529$lBLL01$h1728
=CAT  \\$aBATCH-UPD$b00$c20090701$lBLL01$h2013
=CAT  \\$aBATCH-UPD$b00$c20090701$lBLL01$h2041
=CAT  \\$aBATCH$b00$c20090701$lBLL01$h2102
=CAT  \\$aBATCH$b00$c20091123$lBLL01$h0328
=CAT  \\$aBATCH-UPD$b00$c20101201$lBLL01$h1249
=CAT  \\$aIPL-CLA$c20101231$lBLL01$h1511
=CAT  \\$aWR11_203$c20111204$lBLL01$h1507
=CAT  \\$aIPL-CLA$c20111230$lBLL01$h2017
=CAT  \\$aBATCH-CLA$b00$c20121109$lBLL01$h1732
=CAT  \\$aBATCH-CLA$c20131220$lBLL01$h2026
=CAT  \\$aIPL-CLA$c20131231$lBLL01$h2333
=CAT  \\$aBATCH-CLA$b00$c20160229$lBLL01$h1618
=CAT  \\$aIPL-CLA$c20160331$lBLL01$h1722
=CAT  \\$a5552$b40$c20160429$lBLL01$h1040
=CAT  \\$aBLDSS-3PM$b00$c20160505$lBLL01$h1703
=CAT  \\$aBATCH-FIX$c20230511$lBLL01$h1628
=CAT  \\$aBATCH-UPD$b00$c20230511$lBLL01$h1902
=CFI  0\$aCurrent copyright fee: zero$c5\1$e29-apr-2016$fGBP0.00$g0$hP$5Uk
=CFI  2\$aPrevious Copyright Fee: GBP22.50$c0$e01-apr-2016$fGBP22.50$g0$hC$5Uk
=FFP  \\$aY$bBLDSS-3PM
=FIN  \\$aY
=FMT  \\$a  SE
=LAS  \\$aBATCH-UPD$b00$c20230511$lBLL01$h1902
=LEO  \\$aMP25.0000024594
=LKR  \\$aPAR$b011104774$lBLL01$r78000$mBoletín de la Sociedad Española de Cerámica y Vidrio$nBolétin de la Sociedad Española de Cerámica.
=SRC  \\$aSRI01$bbibmp25.200404.2.aa
=TCO  \\$aESP$bCEDRO$c008

