=LDR  05731cas a2201177 a 4500
=001  012758689
=003  Uk
=005  20221231144511.0
=007  ta
=008  761027d19691991enkqr\p\\\\\\\0\\\a0eng\\
=019  0\$as121058018
=022  0\$a0026-8941
=040  \\$aUk$cUk$dUk
=041  0\$aeng$afre$ager
=082  04$a548.08$222
=084  \\$aKY 45$2blsrissc
=084  \\$aL 01$2blsrissc
=210  0\$aMol. cryst. liq. cryst.$b(1969)
=222  \0$aMolecular crystals and liquid crystals$b(1969)
=245  00$aMolecular crystals and liquid crystals.
=246  13$aMCLC
=246  3\$aMolecular crystals and liquid crystals incorporating nonlinear optics
=260  \\$aLondon ;$aNew York :$bGordon and Breach Science Publishers,$c1969-1991.
=300  \\$a146 v. :$bill. (some col.) ;$c23 cm.
=310  \\$aMonthly (irregular)
=336  \\$atext$2rdacontent
=337  \\$aunmediated$2rdamedia
=338  \\$avolume$2rdacarrier
=362  0\$aVol. 5, no. 4 (May 1969)-v. 209 (Dec. 1991)
=540  \\$aCurrent copyright fee: GBP46.00$c2\0$5Uk
=546  \\$aArticles in English, French, and German.
=580  \\$aVols. 34, 41, 49, 56, 64, 72, 82, 92, 102 issued with: Molecular crystals and liquid crystals. Letters.
=580  \\$aHas companion publications, 1976-1984: Molecular crystals and liquid crystals. Letters; 1985-1987: Molecular crystals and liquid crystals. Letters section (New York, N.Y. : 1985); 1986-1987: Molecular crystals & liquid crystals bulletin.
=650  \0$aMolecular crystals$vPeriodicals.
=650  \0$aLiquid crystals$vPeriodicals.
=770  0\$tMolecular crystals and liquid crystals. Supplement series$x0731-7689
=780  00$tMolecular crystals$x0369-1152
=785  00$tMolecular crystals and liquid crystals incorporating nonlinear optics$x1044-1859
=787  1\$tMolecular crystals and liquid crystals. Letters$x0140-6566
=787  1\$tMolecular crystals and liquid crystals. Letters section (New York, N.Y. : 1985)$x0140-6566
=787  1\$tMolecular crystals & liquid crystals bulletin$x0884-8408
=852  71$aBritish Library$bSTI$k(P)$hKY 45$m-E(1)$2blsrissc$3Vol.1 (1969)-v. 209 (Dec. 1991); Deficient: vol.5, 1964
=852  49$aBritish Library$bDSC$3See shelfmark 5900.817000 for vol.5, no. 4 (1969)-
=856  \\$31850-9999$uhttp://www.tandfonline.com/$xBLDSS
=985  \\$aISSN responsibility tranferred to the International Centre.
=985  \\$aRecord merged by DQ team
=ACF  \\$aPrevious copyright fee: GBP16.00$c10\0$e01-jan-2006$fGBP16.00$g0$hP$5Uk
=ACF  \\$aPrevious Copyright Fee: GBP13.00$c0$e01-oct-2005$fGBP13.00$g0$hC$5Uk
=ACF  \\$aPrevious Copyright Fee: GBP13.00$c0$e01-jul-2005$fGBP13.00$g0$hC$5Uk
=ACF  \\$aPrevious Copyright Fee: GBP13.00$c0$e01-apr-2005$fGBP13.00$g0$hC$5Uk
=ACF  \\$aPrevious Copyright Fee: GBP13.00$c0$e01-jan-2005$fGBP13.00$g0$hC$5Uk
=ACF  \\$aPrevious Copyright Fee: GBP13.00$c0$e01-oct-2004$fGBP13.00$g0$hC$5Uk
=ACF  \\$aPrevious copyright fee: GBP22.00$c10\0$e01-jan-2011$fGBP22.00$g0$hP$5Uk
=ACF  \\$aPrevious copyright fee: GBP17.00$c10\0$e01-jan-2009$fGBP17.00$g0$hP$5Uk
=ACF  \\$aPrevious copyright fee: GBP27.50$c2\0$e01-feb-2013$fGBP27.50$g0$hP$5Uk
=ACF  \\$aPrevious copyright fee: GBP28.00$c2\0$e01-jan-2014$fGBP28.00$g0$hP$5Uk
=ACF  \\$aPrevious copyright fee: GBP30.00$c2\0$e01-jan-2015$fGBP30.00$g0$hP$5Uk
=ACF  \\$aPrevious copyright fee: GBP34.00$c2\0$e01-jan-2016$fGBP34.00$g0$hP$5Uk
=ACF  \\$aPrevious copyright fee: GBP36.00$c2\0$e01-jan-2017$fGBP36.00$g0$hP$5Uk
=ACF  \\$aPrevious copyright fee: GBP38.00$c2\0$e01-jan-2018$fGBP38.00$g0$hP$5Uk
=ACF  \\$aPrevious copyright fee: GBP40.00$c2\0$e01-jan-2019$fGBP40.00$g0$hP$5Uk
=ACF  \\$aPrevious copyright fee: GBP42.00$c2\0$e01-jan-2020$fGBP42.00$g0$hP$5Uk
=CAT  \\$aCONV$b00$c20040425$lBLL90$h0851
=CAT  \\$aBATCH-UPD$b00$c20101221$lBLL01$h0848
=CAT  \\$aIPL-CLA$c20101231$lBLL01$h1511
=CAT  \\$aBATCH-CLA$b00$c20121109$lBLL01$h1731
=CAT  \\$a5552$b40$c20130201$lBLL01$h1549
=CAT  \\$aBATCH-UPD$b40$c20131119$lBLL01$h1951
=CAT  \\$aIPL-CLA$c20131231$lBLL01$h2333
=CAT  \\$aBATCH-UPD$b00$c20141124$lBLL01$h1753
=CAT  \\$aBLDSS-3PM$b00$c20141130$lBLL01$h1248
=CAT  \\$aIPL-CLA$c20141231$lBLL01$h1650
=CAT  \\$aBATCH-UPD$b00$c20151119$lBLL01$h1534
=CAT  \\$aIPL-CLA$c20151231$lBLL01$h1919
=CAT  \\$aBATCH-UPD$b00$c20160413$lBLL01$h1817
=CAT  \\$aBATCH-UPD$b00$c20161122$lBLL01$h1500
=CAT  \\$aBATCH-UPD$b00$c20161122$lBLL01$h1516
=CAT  \\$aIPL-CLA$c20161230$lBLL01$h2120
=CAT  \\$aBATCH-UPD$b00$c20171121$lBLL01$h1639
=CAT  \\$aIPL-CLA$c20171231$lBLL01$h1628
=CAT  \\$aBATCH-UPD$b00$c20181217$lBLL01$h1647
=CAT  \\$aIPL-CLA$c20181231$lBLL01$h1540
=CAT  \\$aBATCH-UPD$b00$c20191122$lBLL01$h1909
=CAT  \\$aIPL-CLA$c20191231$lBLL01$h1925
=CAT  \\$aBATCH-UPD$b00$c20201118$lBLL01$h1344
=CAT  \\$aIPL-CLA$c20201231$lBLL01$h1528
=CAT  \\$aBATCH-UPD$b00$c20221121$lBLL01$h1334
=CAT  \\$aIPL-CLA$c20221231$lBLL01$h1445
=CFI  0\$aCurrent copyright fee: GBP46.00$c2\0$e01-jan-2023$fGBP46.00$g0$hP$5Uk
=CFI  2\$aPrevious copyright fee: GBP44.00$c2\0$e01-jan-2021$fGBP44.00$g0$hP$5Uk
=FFP  \\$aY$bBLDSS-3PM
=FIN  \\$aY
=FMT  \\$a  SE
=LAS  \\$aIPL-CLA$b00$c20221231$lBLL01$h1445
=LEO  \\$aMP25.0000027579
=LEO  \\$aMP22.0000001453
=LKR  \\$aPAR$b012758688$lBLL01$r78000$mMolecular crystals and liquid crystals (1969)$nMolecular crystals
=SRC  \\$aISN01$bbibmp22.200404.2.aa
=SRC  \\$aSRI01$bbibmp25.200404.2.aa
=TCO  \\$aCLA$bCLA$c008
=TOC  \\$aETOC

