=LDR  07420cas a2201429 a 4500
=001  012759040
=003  Uk
=005  20211231154232.0
=007  ta
=008  040419d19671989xxkmr\p\\\\\\\0\\\a0eng\\
=019  0\$as122290003
=022  0\$a0004-6981$z0894-3060
=040  \\$aUk$cUk$dUk
=042  \\$aukblsr
=082  04$a363.7392$221
=084  \\$aSP 50$2blsrissc
=210  0\$aAtmos. environ.
=222  \0$aAtmospheric environment
=245  00$aAtmospheric environment.
=260  \\$aOxford ;$aNew York ;$aBraunschweig :$bPergamon Press,$c1967-1989.
=300  \\$a23 v.$bill.$c26 cm.
=310  \\$aMonthly,$b1971-89
=321  \\$aBimonthly,$bJan. 1967-
=336  \\$atext$2rdacontent
=337  \\$aunmediated$2rdamedia
=338  \\$avolume$2rdacarrier
=362  0\$av. 1-23; 1967-89.
=500  \\$aVol.23 subtitled "General topics".
=540  \\$aCurrent copyright fee: GBP34.30$c5\1$5Uk
=580  \\$aVol.24-27, 1990-93, issued in 2 series "Atmospheric environment.Part A, General topics", q.v. and "Atmospheric environment. Part B, Urban atmosphere", q.v.
=595  \\$aFORMERLY 0774.15 UP TO VOL. 10, 1966 CONTD AS 1767.1204 ALSO CONTD AS 1767.1206 VOL. 24, 1990- SEE ALSO CARD INDEX.
=650  \0$aAir$xPollution$vPeriodicals.
=780  01$tAir and water pollution$x0568-3408
=785  06$tAtmospheric environment. Part A, General topics$x0960-1686
=785  06$tAtmospheric environment. Part B, Urban atmosphere$x0957-1272
=852  49$aBritish Library$bDSC$3See shelfmark 1767.120000 for vol. 1, 1967- 23, 1989 *A=1
=852  71$aBritish Library$bSTI$k(P)$hSP 50$m-E(15)$2blsrissc$3Vol.1, 1967- v. 23, 1989***To 2000
=856  \\$31850-9999$uhttp://www.elsevier.com/journals$xBLDSS
=945  \\$aATMOSPHERIC ENVIRONMENT.
=959  \\$fHeld but not currently received
=985  \\$aISSN responsibility transferred to ISSN Netherlands Centre. Change made globally by ISSN International Centre in connection with Elsevier serials - Jan. 2009.
=985  \\$aRecord merged by SUNCAT team
=ACF  \\$aPrevious Copyright Fee: GBP21.00$c0$e01-apr-2012$fGBP21.00$g0$hC$5Uk
=ACF  \\$aPrevious Copyright Fee: GBP21.00$c0$e01-jan-2012$fGBP21.00$g0$hC$5Uk
=ACF  \\$aPrevious Copyright Fee: GBP20.00$c0$e01-oct-2011$fGBP20.00$g0$hC$5Uk
=ACF  \\$aPrevious Copyright Fee: GBP20.00$c0$e01-jul-2011$fGBP20.00$g0$hC$5Uk
=ACF  \\$aPrevious Copyright Fee: GBP20.00$c0$e01-apr-2011$fGBP20.00$g0$hC$5Uk
=ACF  \\$aPrevious Copyright Fee: GBP20.00$c0$e01-jan-2011$fGBP20.00$g0$hC$5Uk
=ACF  \\$aPrevious Copyright Fee: GBP20.00$c0$e01-oct-2010$fGBP20.00$g0$hC$5Uk
=ACF  \\$aPrevious Copyright Fee: GBP20.00$c0$e01-jul-2010$fGBP20.00$g0$hC$5Uk
=ACF  \\$aPrevious Copyright Fee: GBP20.00$c0$e01-apr-2010$fGBP20.00$g0$hC$5Uk
=ACF  \\$aPrevious Copyright Fee: GBP20.00$c0$e01-Jan-2010$fGBP20.00$g0$hC$5Uk
=ACF  \\$aPrevious Copyright Fee: GBP20.00$c0$e01-oct-2009$fGBP20.00$g0$hC$5Uk
=ACF  \\$aPrevious Copyright Fee: GBP20.00$c0$e01-jul-2009$fGBP20.00$g0$hC$5Uk
=ACF  \\$aPrevious Copyright Fee: GBP20.00$c0$e01-apr-2009$fGBP20.00$g0$hC$5Uk
=ACF  \\$aPrevious Copyright Fee: GBP20.00$c0$e01-jan-2009$fGBP20.00$g0$hC$5Uk
=ACF  \\$aPrevious Copyright Fee: GBP19.00$c0$e01-oct-2008$fGBP19.00$g0$hC$5Uk
=ACF  \\$aPrevious Copyright Fee: GBP19.00$c0$e01-jul-2008$fGBP19.00$g0$hC$5Uk
=ACF  \\$aPrevious Copyright Fee: GBP19.00$c0$e01-apr-2008$fGBP19.00$g0$hC$5Uk
=ACF  \\$aPrevious Copyright Fee: GBP19.00$c0$e01-jan-2008$fGBP19.00$g0$hC$5Uk
=ACF  \\$aPrevious Copyright Fee: GBP18.00$c0$e01-oct-2007$fGBP18.00$g0$hC$5Uk
=ACF  \\$aPrevious Copyright Fee: GBP18.00$c0$e01-jul-2007$fGBP18.00$g0$hC$5Uk
=ACF  \\$aPrevious Copyright Fee: GBP18.00$c0$e01-apr-2007$fGBP18.00$g0$hC$5Uk
=ACF  \\$aPrevious Copyright Fee: GBP18.00$c0$e01-jan-2007$fGBP18.00$g0$hC$5Uk
=ACF  \\$aPrevious Copyright Fee: GBP18.00$c0$e01-oct-2006$fGBP18.00$g0$hC$5Uk
=ACF  \\$aPrevious Copyright Fee: GBP18.00$c0$e01-jul-2006$fGBP18.00$g0$hC$5Uk
=ACF  \\$aPrevious Copyright Fee: GBP18.00$c0$e01-apr-2006$fGBP18.00$g0$hC$5Uk
=ACF  \\$aPrevious Copyright Fee: GBP18.00$c0$e01-jan-2006$fGBP18.00$g0$hC$5Uk
=ACF  \\$aPrevious Copyright Fee: GBP18.00$c0$e01-oct-2005$fGBP18.00$g0$hC$5Uk
=ACF  \\$aPrevious Copyright Fee: GBP18.00$c0$e01-jul-2005$fGBP18.00$g0$hC$5Uk
=ACF  \\$aPrevious Copyright Fee: GBP18.00$c0$e01-apr-2005$fGBP18.00$g0$hC$5Uk
=ACF  \\$aPrevious Copyright Fee: GBP18.00$c0$e01-jan-2005$fGBP18.00$g0$hC$5Uk
=ACF  \\$aPrevious Copyright Fee: GBP20.00$c0$e01-oct-2004$fGBP20.00$g0$hC$5Uk
=ACF  \\$aPrevious copyright fee: GBP20.00$c0$e01-apr-2004$fGBP20.00$g0$hC$5Uk
=ACF  \\$aCurrent copyright fee: GBP17.65$c0$e01-jan-2004$fGBP17.65$g0$hC$5Uk
=ACF  \\$aCurrent copyright fee: GBP18.75$c0$e01-apr-2003$fGBP18.75$g0$hC$5Uk
=ACF  \\$aPrevious Copyright Fee: GBP21.00$c0$e01-oct-2012$fGBP21.00$g0$hC$5Uk
=ACF  \\$aPrevious Copyright Fee: GBP21.00$c0$e01-jul-2012$fGBP21.00$g0$hC$5Uk
=ACF  \\$aPrevious copyright fee: GBP21.00$c5\1$e10-dec-2012$fGBP21.00$g0$hP$5Uk
=ACF  \\$aPrevious copyright fee: GBP22.50$c5\1$e01-jan-2013$fGBP22.50$g0$hP$5Uk
=ACF  \\$aPrevious copyright fee: GBP23.40$c5\1$e01-jan-2018$fGBP23.40$g0$hP$5Uk
=CAT  \\$aCONV$b00$c20040425$lBLL90$h0851
=CAT  \\$aIPL-CLA$c20110630$lBLL01$h1543
=CAT  \\$aBATCH-CLA$b00$c20110831$lBLL01$h1755
=CAT  \\$aIPL-CLA$c20110930$lBLL01$h1547
=CAT  \\$aBATCH-CLA$b00$c20111130$lBLL01$h1201
=CAT  \\$aIPL-CLA$c20111230$lBLL01$h2017
=CAT  \\$aBATCH-CLA$b00$c20120229$lBLL01$h1616
=CAT  \\$aIPL-CLA$c20120330$lBLL01$h1434
=CAT  \\$aBATCH-CLA$b00$c20120531$lBLL01$h1711
=CAT  \\$aIPL-CLA$c20120629$lBLL01$h1032
=CAT  \\$aBATCH-CLA$b00$c20120831$lBLL01$h1539
=CAT  \\$aIPL-CLA$c20120930$lBLL01$h2117
=CAT  \\$aBATCH-CLA$b00$c20121109$lBLL01$h1731
=CAT  \\$a5552$b40$c20121210$lBLL01$h1352
=CAT  \\$aIPL-CLA$c20121231$lBLL01$h1311
=CAT  \\$aIPL-CLA$c20130102$lBLL01$h1729
=CAT  \\$aWR13.005$c20130322$lBLL01$h1919
=CAT  \\$aBLDSS-3PM$b00$c20141222$lBLL01$h1713
=CAT  \\$aBATCH-UPD$b00$c20160413$lBLL01$h1817
=CAT  \\$aBATCH-UPD$b00$c20171121$lBLL01$h1743
=CAT  \\$aBATCH-UPD$b00$c20171121$lBLL01$h2347
=CAT  \\$aIPL-CLA$c20171231$lBLL01$h1628
=CAT  \\$aBATCH-UPD$b00$c20190521$lBLL01$h1435
=CAT  \\$aIPL-CLA$c20190630$lBLL01$h1532
=CAT  \\$aBATCH-UPD$b00$c20211119$lBLL01$h1552
=CAT  \\$aIPL-CLA$c20211231$lBLL01$h1542
=CFI  0\$aCurrent copyright fee: GBP34.30$c5\1$e01-jan-2022$fGBP34.30$g0$hP$5Uk
=CFI  2\$aPrevious copyright fee: GBP32.84$c5\1$e01-jul-2019$fGBP32.84$g0$hP$5Uk
=FFP  \\$aY$bBLDSS-3PM
=FIN  \\$aY
=FMT  \\$a  SE
=LAS  \\$aIPL-CLA$b00$c20211231$lBLL01$h1542
=LEO  \\$aMP22.0000000154
=LEO  \\$aMP25.0000027960
=LKR  \\$aPAR$b009825706$lBLL01$nAIR AND WATER POLLUTION.$mAtmospheric environment$r78001
=LKR  \\$aPAR$b008221465$lBLL01$nAtmospheric environment. Part$mAtmospheric environment$r78506
=LKR  \\$aPAR$b010817656$lBLL01$nAtmospheric environment. Part$mAtmospheric environment$r78506
=SRC  \\$aISN01$bbibmp22.200404.2.aa
=SRC  \\$aSRI01$bbibmp25.200404.2.aa
=TCO  \\$aCLA$bCLA$c008
=TOC  \\$aETOC

