=LDR  07461cas a2201429 a 4500
=001  012760119
=003  Uk
=005  20221231144511.0
=007  ta
=008  840417d19841996sz\bx\p\\\b\\\0\\\a0eng\\
=019  0\$as125534124
=022  0\$y0236-5731
=040  \\$aUk$cUk$dUk
=041  0\$aeng$afre$ager
=082  04$a543.088$221
=084  \\$aJF 00$2blsrissc
=084  \\$aJH 47$2blsrissc
=245  00$aJournal of radioanalytical and nuclear chemistry.$pArticles.
=260  \\$aLausanne :$bElsevier Sequoia,$c1984-1996.
=300  \\$av. :$bill. ;$c24 cm.
=310  \\$aEight issues a year
=336  \\$atext$2rdacontent
=337  \\$aunmediated$2rdamedia
=338  \\$avolume$2rdacarrier
=362  0\$aVol. 81, no. 1 (Jan. 1984)-211, 1996
=504  \\$aContains bibliography.
=515  \\$aSingle sequence of volume numbering is shared with "Journal of radioanalytical chemistry. Letters.", q.v.
=540  \\$aCurrent copyright fee: GBP29.95$c22\1$5Uk
=546  \\$aArticles chiefly in English with some in French and German; summaries in English.
=580  \\$aMerged with: Journal of radioanalytical and nuclear chemistry. Letters, to become: Journal of radioanalytical and nuclear chemistry.
=650  \0$aRadiochemistry$vPeriodicals.
=650  \0$aRadiochemical analysis$vPeriodicals.
=650  \0$aNuclear chemistry$vPeriodicals.
=650  \0$aChemistry, Analytic$vPeriodicals.
=780  01$tJournal of radioanalytical chemistry$x0134-0719
=780  01$tRadiochemical and radioanalytical letters$x0079-9483
=785  17$tJournal of radioanalytical and nuclear chemistry. Letters
=785  17$tJournal of radioanalytical and nuclear chemistry$x0236-5731
=852  71$aBritish Library$bSTI$k(P)$hJF 00$m-E(3)$2blsrissc$3Vol.81, 1984-211, 1996
=852  49$aBritish Library$bDSC$3See shelfmark 5043.890000 Vol. 81, 1984-211, 1996
=856  \\$31850-9999$uhttp://www.springer.com/gb/$xBLDSS
=985  \\$aRecord merged by DQ team
=985  \\$aUpgraded by BSS-generated file for WR2011-1473
=ACF  \\$aPrevious Copyright Fee: GBP22.00$c0$e01-apr-2012$fGBP22.00$g0$hC$5Uk
=ACF  \\$aPrevious Copyright Fee: GBP22.00$c0$e01-jan-2012$fGBP22.00$g0$hC$5Uk
=ACF  \\$aPrevious Copyright Fee: GBP22.00$c0$e01-oct-2011$fGBP22.00$g0$hC$5Uk
=ACF  \\$aPrevious copyright fee: GBP10.50$c0$e01-jan-2011$fGBP10.50$g0$hA$5Uk
=ACF  \\$aPrevious Copyright Fee: GBP24.29$c0$e01-jul-2009$fGBP24.29$g0$hC$5Uk
=ACF  \\$aPrevious Copyright Fee: GBP24.29$c0$e01-apr-2009$fGBP24.29$g0$hC$5Uk
=ACF  \\$aPrevious Copyright Fee: GBP20.00$c0$e01-jan-2009$fGBP20.00$g0$hC$5Uk
=ACF  \\$aPrevious Copyright Fee: GBP16.00$c0$e01-oct-2008$fGBP16.00$g0$hC$5Uk
=ACF  \\$aPrevious Copyright Fee: GBP16.00$c0$e01-jul-2008$fGBP16.00$g0$hC$5Uk
=ACF  \\$aPrevious Copyright Fee: GBP16.00$c0$e01-apr-2008$fGBP16.00$g0$hC$5Uk
=ACF  \\$aPrevious Copyright Fee: GBP16.00$c0$e01-jan-2008$fGBP16.00$g0$hC$5Uk
=ACF  \\$aPrevious Copyright Fee: GBP16.00$c0$e01-oct-2007$fGBP16.00$g0$hC$5Uk
=ACF  \\$aPrevious Copyright Fee: GBP16.00$c0$e01-jul-2007$fGBP16.00$g0$hC$5Uk
=ACF  \\$aPrevious Copyright Fee: GBP16.41$c0$e01-apr-2007$fGBP16.41$g0$hC$5Uk
=ACF  \\$aPrevious Copyright Fee: GBP16.22$c0$e01-jan-2007$fGBP16.22$g0$hC$5Uk
=ACF  \\$aPrevious Copyright Fee: GBP16.22$c0$e01-oct-2006$fGBP16.22$g0$hC$5Uk
=ACF  \\$aPrevious Copyright Fee: GBP17.14$c0$e01-jul-2006$fGBP17.14$g0$hC$5Uk
=ACF  \\$aPrevious Copyright Fee: GBP17.14$c0$e01-apr-2006$fGBP17.14$g0$hC$5Uk
=ACF  \\$aPrevious Copyright Fee: GBP16.67$c0$e01-jan-2006$fGBP16.67$g0$hC$5Uk
=ACF  \\$aPrevious Copyright Fee: GBP16.22$c0$e01-oct-2005$fGBP16.22$g0$hC$5Uk
=ACF  \\$aPrevious Copyright Fee: GBP16.22$c0$e01-jul-2005$fGBP16.22$g0$hC$5Uk
=ACF  \\$aPrevious Copyright Fee: GBP16.22$c0$e01-apr-2005$fGBP16.22$g0$hC$5Uk
=ACF  \\$aPrevious Copyright Fee: GBP16.67$c0$e01-jan-2005$fGBP16.67$g0$hC$5Uk
=ACF  \\$aPrevious Copyright Fee: GBP16.22$c0$e01-oct-2004$fGBP16.22$g0$hC$5Uk
=ACF  \\$aPrevious Copyright Fee: GBP22.00$c0$e01-jul-2012$fGBP22.00$g0$hC$5Uk
=ACF  \\$aPrevious Copyright Fee: GBP29.95$c0$e01-jan-2013$fGBP29.95$g0$hC$5Uk
=ACF  \\$aPrevious Copyright Fee: GBP22.00$c0$e01-oct-2012$fGBP22.00$g0$hC$5Uk
=ACF  \\$aPrevious copyright fee: GBP25.00$c13\1$e08-mar-2013$fGBP25.00$g0$hP$5Uk
=ACF  \\$aPrevious copyright fee: GBP25.77$c13\1$e01-jul-2013$fGBP25.77$g0$hP$5Uk
=ACF  \\$aPrevious copyright fee: GBP24.97$c13\1$e01-jan-2014$fGBP24.97$g0$hP$5Uk
=ACF  \\$aPrevious copyright fee: GBP24.21$c13\1$e01-jul-2014$fGBP24.21$g0$hP$5Uk
=ACF  \\$aPrevious copyright fee: GBP25.77$c13\1$e01-apr-2015$fGBP25.77$g0$hP$5Uk
=ACF  \\$aPrevious copyright fee: GBP26.63$c13\1$e01-jul-2015$fGBP26.63$g0$hP$5Uk
=ACF  \\$aPrevious copyright fee: GBP25.77$c13\1$e01-oct-2015$fGBP25.77$g0$hP$5Uk
=ACF  \\$aPrevious copyright fee: GBP27.55$c13\1$e01-apr-2016$fGBP27.55$g0$hP$5Uk
=ACF  \\$aPrevious copyright fee: GBP29.59$c13\1$e01-oct-2016$fGBP29.59$g0$hP$5Uk
=ACF  \\$aPrevious copyright fee: GBP31.96$c13\1$e01-apr-2017$fGBP31.96$g0$hP$5Uk
=ACF  \\$aPrevious copyright fee: GBP30.73$c13\1$e01-oct-2017$fGBP30.73$g0$hP$5Uk
=ACF  \\$aPrevious copyright fee: GBP28.54$c13\1$e01-apr-2018$fGBP28.54$g0$hP$5Uk
=CAT  \\$aCONV$b00$c20040425$lBLL90$h0851
=CAT  \\$aBLDSS-3PM$b00$c20150103$lBLL01$h1043
=CAT  \\$aBATCH-UPD$b00$c20150219$lBLL01$h1643
=CAT  \\$aIPL-CLA$c20150331$lBLL01$h1635
=CAT  \\$aBATCH-UPD$b00$c20150520$lBLL01$h1701
=CAT  \\$aIPL-CLA$c20150630$lBLL01$h1643
=CAT  \\$aBATCH-UPD$b00$c20150820$lBLL01$h1751
=CAT  \\$aIPL-CLA$c20150930$lBLL01$h1801
=CAT  \\$aBATCH-UPD$b00$c20160217$lBLL01$h1637
=CAT  \\$aIPL-CLA$c20160331$lBLL01$h1722
=CAT  \\$aBATCH-UPD$b00$c20160413$lBLL01$h1817
=CAT  \\$aBATCH-UPD$b00$c20160524$lBLL01$h2156
=CAT  \\$aBATCH-UPD$b00$c20160524$lBLL01$h2248
=CAT  \\$aBATCH-UPD$b00$c20160824$lBLL01$h1714
=CAT  \\$aIPL-CLA$c20160930$lBLL01$h1559
=CAT  \\$aBATCH-UPD$b00$c20170216$lBLL01$h1801
=CAT  \\$aIPL-CLA$c20170331$lBLL01$h1841
=CAT  \\$aBATCH-UPD$b00$c20170904$lBLL01$h1803
=CAT  \\$aIPL-CLA$c20170929$lBLL01$h1725
=CAT  \\$aBATCH-UPD$b00$c20180223$lBLL01$h1619
=CAT  \\$aIPL-CLA$c20180331$lBLL01$h1616
=CAT  \\$aBATCH-UPD$b00$c20180524$lBLL01$h1652
=CAT  \\$aIPL-CLA$c20180630$lBLL01$h1914
=CAT  \\$aW2011-1473$b00$c20201124$lBLL01$h1856
=CAT  \\$aBATCH-UPD$b00$c20221121$lBLL01$h1359
=CAT  \\$aIPL-CLA$c20221231$lBLL01$h1445
=CFI  0\$aCurrent copyright fee: GBP29.95$c22\1$e01-jan-2023$fGBP29.95$g0$hP$5Uk
=CFI  2\$aPrevious copyright fee: GBP34.00$c22\1$e01-jul-2018$fGBP34.00$g0$hP$5Uk
=FFP  \\$aY$bBLDSS-3PM
=FIN  \\$aY
=FMT  \\$a  SE
=LAS  \\$aIPL-CLA$b00$c20221231$lBLL01$h1445
=LEO  \\$aMP25.0000029277
=LKR  \\$aPAR$b008553527$lBLL01$r78001$mJournal of radioanalytical and nuclear chemistry. Articles$nRadiochemical and radioanalytical letters
=LKR  \\$aPAR$b010491856$lBLL01$r78001$mJournal of radioanalytical and nuclear chemistry. Articles$nJournal of radioanalytical chemistry
=SRC  \\$aDSS03$bbibsr.200404.2.aa
=SRC  \\$aSRI01$bbibmp25.200404.2.aa
=TCO  \\$aCHE$bPRO LITTERIS$c008
=TOC  \\$aETOC
=UNO  \\$aY

