=LDR  05776 as a22012617a 4500
=001  012763259
=003  Uk
=005  20150702084336.0
=007  ta
=008  810721d19691985enkar\p\\\\\\\0\\\a0eng\\
=019  0\$as130350001
=022  0\$a0306-0004$z0572-5097$202
=040  \\$aUk$cUk$dUk
=082  04$a572.65$221
=084  \\$aKF 00$2blsrissc
=210  0\$aAmino acids pept. proteins
=222  \0$aAmino acids, peptides and proteins
=245  00$aAmino-acids, peptides, and proteins.
=246  13$aSpecialist periodical report. Amino acids, peptides and proteins
=260  \\$aCambridge :$bRoyal Society of Chemistry,
=300  \\$a16 v.$bill.$c23 cm.
=310  \\$aAnnual
=336  \\$atext$2rdacontent
=337  \\$aunmediated$2rdamedia
=338  \\$avolume$2rdacarrier
=362  0\$av. 1-18; 1968-1985.
=490  0\$aSpecialist periodical reports
=500  \\$a"A review of the literature published."
=500  \\$aTo 1979 published by the Society under its previous name, Chemical Society (London)
=510  2\$aChemical abstracts$x0009-2258$b1969-1985
=540  \\$aCurrent copyright fee: GBP46.75$c6\1$5Uk
=595  \\$aCONTD AS 0859.154 VOL. 17, 1986- SEE ALSO SERIAL RECORDS IFR.
=650  \0$aProteins$vPeriodicals.
=650  \0$aPeptides$vPeriodicals.
=650  \0$aAmino acids$vPeriodicals.
=710  2\$aChemical Society (Great Britain)
=710  2\$aRoyal Society of Chemistry (Great Britain)
=776  0\$tAmino acids, peptides and proteins$c(Online)$x2050-9359
=785  00$tAmino acids and peptides$x0269-7521
=852  49$aBritish Library$bDSC$3See shelfmark 0859.155000 for Vol. 1, 1969-16, 1985
=852  71$aBritish Library$bSTI$k(P)$hKF 00$m-E(3)$2blsrissc$3Vol.1, 1968 - vol.16, 1983; Deficient: vol.17, 1984; vol.18, 1985
=856  \\$31850-9999$uhttp://www.rsc.org/$xBLDSS
=886  2\$2blmarc$a029$b00$as13035001x
=963  \\$aVOL. 1, 1969- *A=1$bY$cP360.C.287
=964  \\$aVOL. 1, 1969- *A=1$c547$dO$eJA2402
=985  \\$aRecord merged by DQ team
=ACF  \\$aPrevious copyright fee: GBP31.50$c6\1$e01-apr-2010$fGBP31.50$g0$hP$5Uk
=ACF  \\$aPrevious copyright fee: GBP28.35$c6\1$e01-jan-2009$fGBP28.35$g0$hP$5Uk
=ACF  \\$aPrevious Copyright Fee: GBP23.10$c6\1$e01-apr-2008$fGBP23.10$g0$hP$5Uk
=ACF  \\$aPrevious Copyright Fee: GBP23.10$c6\1$e01-jan-2008$fGBP23.10$g0$hP$5Uk
=ACF  \\$aPrevious Copyright Fee: GBP8.00$c0$e01-oct-2007$fGBP8.00$g0$hC$5Uk
=ACF  \\$aPrevious Copyright Fee: GBP8.00$c0$e01-jul-2007$fGBP8.00$g0$hC$5Uk
=ACF  \\$aPrevious Copyright Fee: GBP8.00$c0$e01-apr-2007$fGBP8.00$g0$hC$5Uk
=ACF  \\$aPrevious Copyright Fee: GBP8.00$c0$e01-jan-2007$fGBP8.00$g0$hC$5Uk
=ACF  \\$aPrevious Copyright Fee: GBP8.00$c0$e01-oct-2006$fGBP8.00$g0$hC$5Uk
=ACF  \\$aPrevious Copyright Fee: GBP8.00$c0$e01-jul-2006$fGBP8.00$g0$hC$5Uk
=ACF  \\$aPrevious Copyright Fee: GBP8.00$c0$e01-apr-2006$fGBP8.00$g0$hC$5Uk
=ACF  \\$aPrevious Copyright Fee: GBP8.00$c0$e01-jan-2006$fGBP8.00$g0$hC$5Uk
=ACF  \\$aPrevious Copyright Fee: GBP8.00$c0$e01-oct-2005$fGBP8.00$g0$hC$5Uk
=ACF  \\$aPrevious Copyright Fee: GBP8.00$c0$e01-jul-2005$fGBP8.00$g0$hC$5Uk
=ACF  \\$aPrevious Copyright Fee: GBP8.00$c0$e01-apr-2005$fGBP8.00$g0$hC$5Uk
=ACF  \\$aPrevious Copyright Fee: GBP8.00$c0$e01-jan-2005$fGBP8.00$g0$hC$5Uk
=ACF  \\$aPrevious Copyright Fee: GBP6.80$c0$e01-oct-2004$fGBP6.80$g0$hC$5Uk
=ACF  \\$aBritish Library not licensed to copy$c0$e24-may-2002$g0$hC$iCLA-excluded$5Uk
=ACF  \\$aCurrent copyright fee: GBP5.00$c0$e02-sep-1998$fGBP5.00$g0$hC$5Uk
=ACF  \\$aCurrent copyright fee: GBP4.60$c0$e01-jan-1998$fGBP4.60$g0$hC$5Uk
=ACF  \\$aPrevious copyright fee: GBP33.60$c6\1$e01-jul-2011$fGBP33.60$g0$hP$5Uk
=ACF  \\$aPrevious copyright fee: GBP37.80$c6\1$e01-jan-2013$fGBP37.80$g0$hP$5Uk
=ACF  \\$aPrevious copyright fee: GBP35.70$c6\1$e01-jan-2012$fGBP35.70$g0$hP$5Uk
=CAT  \\$aCONV$b00$c20040425$lBLL90$h0851
=CAT  \\$aBATCH-UPD$b00$c20081119$lBLL01$h1614
=CAT  \\$aBATCH-UPD$b00$c20081231$lBLL01$h2316
=CAT  \\$aBATCH-UPD$b00$c20090101$lBLL01$h0050
=CAT  \\$aBATCH$b00$c20090101$lBLL01$h0225
=CAT  \\$a5552$b40$c20100114$lBLL01$h1213
=CAT  \\$aBATCH-UPD$b40$c20100331$lBLL01$h2331
=CAT  \\$aBATCH-UPD$b40$c20100401$lBLL01$h0250
=CAT  \\$aBATCH$b00$c20100401$lBLL01$h0554
=CAT  \\$aBATCH$b00$c20100401$lBLL01$h1626
=CAT  \\$a5552$b40$c20110412$lBLL01$h1542
=CAT  \\$aIPL-CLA$c20110630$lBLL01$h1543
=CAT  \\$aBATCH-UPD$b00$c20111123$lBLL01$h1854
=CAT  \\$aIPL-CLA$c20111230$lBLL01$h2017
=CAT  \\$a11316$b40$c20120817$lBLL01$h0913
=CAT  \\$aBATCH-UPD$b40$c20121105$lBLL01$h1131
=CAT  \\$aBATCH-CLA$b00$c20121109$lBLL01$h1731
=CAT  \\$aBATCH-UPD$b00$c20121121$lBLL01$h1701
=CAT  \\$aIPL-CLA$c20121231$lBLL01$h1311
=CAT  \\$aIPL-CLA$c20130102$lBLL01$h1729
=CAT  \\$aBLDSS-3PM$b00$c20150111$lBLL01$h1521
=CAT  \\$a5552$b40$c20150702$lBLL01$h0843
=CAT  \\$aBATCH-UPD$b40$c20160413$lBLL01$h1817
=CAT  \\$aBATCH-UPD$b40$c20161122$lBLL01$h1547
=CAT  \\$aBATCH-UPD$b40$c20161122$lBLL01$h1827
=CAT  \\$aIPL-CLA$c20161230$lBLL01$h2120
=CFI  0\$aCurrent copyright fee: GBP46.75$c6\1$e01-jan-2017$fGBP46.75$g0$hP$5Uk
=CFI  2\$aPrevious copyright fee: GBP41.80$c6\1$e02-jul-2015$fGBP41.80$g0$hP$5Uk
=FFP  \\$aY$bBLDSS-3PM
=FIN  \\$aY
=FMT  \\$a  SE
=LAS  \\$aIPL-CLA$b00$c20161230$lBLL01$h2120
=LEO  \\$aMP22.0000018782
=LEO  \\$aMP25.0000032704
=SRC  \\$aISN01$bbibmp22.200404.2.aa
=SRC  \\$aSRI01$bbibmp25.200404.2.aa
=TCO  \\$aCLA$bCLA$c008
=TOC  \\$aETOC
=UNO  \\$aY

