=LDR  05723cas a22011657a 4500
=001  012905441
=003  Uk
=005  20230511162841.0
=007  ta
=008  040427c19999999enk\x\m\\\\\\\0\\\a0eng\\
=015  \\$aGBB2B1511$2bnb
=022  \\$a1465-5101
=040  \\$aUk$beng$cUk
=082  04$a616.605$223
=222  \0$aBJU international. Supplement$b(Print)
=245  00$aBJU international.$pSupplement.
=246  1\$iMinor title change:$aBJUI supplements
=260  \\$aOxford :$bBlackwell Science,$c[1999]-
=310  \\$aIrregular
=336  \\$atext$2rdacontent
=337  \\$aunmediated$2rdamedia
=338  \\$avolume$2rdacarrier
=362  1\$aBegan in 1999.
=540  \\$aCurrent Copyright Fee: GBP32.00$c35\0$5Uk
=588  \\$aLatest issue consulted: vol. 110, suppl. 1 (Oct. 2012).
=650  \0$aGenitourinary organs$xDiseases$vPeriodicals.
=650  \0$aGenitourinary organs$xSurgery$vPeriodicals.
=650  \0$aUrology$vPeriodicals.
=710  2\$aBritish Association of Urological Surgeons.
=710  2\$aInternational Society of Urology.
=710  2\$aEuropean Society of Paediatric Urology.
=772  0\$tBJU international$x1464-4096
=776  0\$tBJU international. Supplement$c(Online)$x2051-2139
=780  00$tBritish journal of urology. Supplement$x1358-8672
=852  41$aBritish Library$bSTI$3Vol. 110, Supplement 1 (2012:Oct.)***Transferred to eletronic***Title now taken on eletronic copy only
=856  \\$31850-9999$uhttp://onlinelibrary.wiley.com/$xBLDSS
=985  \\$aISSN responsibility transferred to US ISSN Center from ISSN UK Centre, Wiley Multinational Publisher List, Summer 2017.
=ACF  \\$aPrevious Copyright Fee: GBP24.00$c0$e01-oct-2015$fGBP24.00$g0$hC$5Uk
=ACF  \\$aPrevious Copyright Fee: GBP16.00$c0$e01-apr-2012$fGBP16.00$g0$hC$5Uk
=ACF  \\$aPrevious Copyright Fee: GBP16.00$c0$e01-jan-2012$fGBP16.00$g0$hC$5Uk
=ACF  \\$aPrevious Copyright Fee: GBP16.00$c0$e01-oct-2011$fGBP16.00$g0$hC$5Uk
=ACF  \\$aPrevious Copyright Fee: GBP16.00$c0$e01-jul-2011$fGBP16.00$g0$hC$5Uk
=ACF  \\$aPrevious Copyright Fee: GBP16.00$c0$e01-apr-2011$fGBP16.00$g0$hC$5Uk
=ACF  \\$aPrevious Copyright Fee: GBP16.00$c0$e01-jan-2011$fGBP16.00$g0$hC$5Uk
=ACF  \\$aPrevious Copyright Fee: GBP16.00$c0$e01-oct-2010$fGBP16.00$g0$hC$5Uk
=ACF  \\$aPrevious Copyright Fee: GBP16.00$c0$e01-jul-2010$fGBP16.00$g0$hC$5Uk
=ACF  \\$aPrevious Copyright Fee: GBP16.00$c0$e01-apr-2010$fGBP16.00$g0$hC$5Uk
=ACF  \\$aPrevious Copyright Fee: GBP16.00$c0$e01-Jan-2010$fGBP16.00$g0$hC$5Uk
=ACF  \\$aPrevious Copyright Fee: GBP16.00$c0$e01-oct-2009$fGBP16.00$g0$hC$5Uk
=ACF  \\$aPrevious Copyright Fee: GBP16.00$c0$e01-jul-2009$fGBP16.00$g0$hC$5Uk
=ACF  \\$aPrevious Copyright Fee: GBP16.00$c0$e01-apr-2009$fGBP16.00$g0$hC$5Uk
=ACF  \\$aBritish Library not licensed to copy$c0$e01-oct-2008$hC$iCLA Excluded$5Uk
=ACF  \\$aPrevious Copyright Fee: GBP13.00$c0$e01-oct-2005$fGBP13.00$g0$hC$5Uk
=ACF  \\$aPrevious Copyright Fee: GBP13.00$c0$e01-jul-2005$fGBP13.00$g0$hC$5Uk
=ACF  \\$aPrevious Copyright Fee: GBP13.00$c0$e01-apr-2005$fGBP13.00$g0$hC$5Uk
=ACF  \\$aPrevious Copyright Fee: GBP13.00$c0$e01-jan-2005$fGBP13.00$g0$hC$5Uk
=ACF  \\$aPrevious Copyright Fee: GBP13.00$c0$e01-oct-2004$fGBP13.00$g0$hC$5Uk
=ACF  \\$aPrevious Copyright Fee: GBP22.60$c0$e01-jul-2012$fGBP22.60$g0$hC$5Uk
=ACF  \\$aPrevious Copyright Fee: GBP22.60$c0$e01-oct-2012$fGBP22.60$g0$hC$5Uk
=ACF  \\$aPrevious Copyright Fee: GBP12.00$c0$e01-jan-2013$fGBP12.00$g0$hC$5Uk
=ACF  \\$aPrevious Copyright Fee: GBP22.60$c0$e01-jan-2014$fGBP22.60$g0$hC$5Uk
=ACF  \\$aPrevious Copyright Fee: GBP22.00$c0$e01-apr-2014$fGBP22.00$g0$hC$5Uk
=CAT  \\$aDAVID$b40$c20040427$lTMP01$h1046
=CAT  \\$aIPL-CLA$c20111230$lBLL01$h2018
=CAT  \\$aBATCH-CLA$b00$c20120229$lBLL01$h1615
=CAT  \\$aIPL-CLA$c20120330$lBLL01$h1434
=CAT  \\$aBATCH-CLA$b00$c20120531$lBLL01$h1700
=CAT  \\$aIPL-CLA$c20120629$lBLL01$h1033
=CAT  \\$aBATCH-CLA$b00$c20120831$lBLL01$h1537
=CAT  \\$a11316$b40$c20120912$lBLL01$h1052
=CAT  \\$aIPL-CLA$c20120930$lBLL01$h2118
=CAT  \\$a11315$b40$c20121106$lBLL01$h1515
=CAT  \\$aBATCH-CLA$b00$c20121109$lBLL01$h1731
=CAT  \\$aBATCH-CLA$b00$c20121130$lBLL01$h1245
=CAT  \\$aIPL-CLA$c20121231$lBLL01$h1311
=CAT  \\$aIPL-CLA$c20130102$lBLL01$h1730
=CAT  \\$aBATCH-CLA$b00$c20131129$lBLL01$h1646
=CAT  \\$aIPL-CLA$c20131231$lBLL01$h2336
=CAT  \\$aBATCH-CLA$b00$c20140228$lBLL01$h1611
=CAT  \\$aIPL-CLA$c20140331$lBLL01$h1625
=CAT  \\$aBATCH-CLA$b00$c20150828$lBLL01$h1540
=CAT  \\$aIPL-CLA$c20150930$lBLL01$h1802
=CAT  \\$a11313$b40$c20170918$lBLL01$h1018
=CAT  \\$aBATCH-CLA$b00$c20190228$lBLL01$h1623
=CAT  \\$aIPL-CLA$c20190331$lBLL01$h1725
=CAT  \\$a5552$b40$c20210802$lBLL01$h1424
=CAT  \\$aBLDSS-3PM$b00$c20210810$lBLL01$h0905
=CAT  \\$aBATCH-UPD$b00$c20210810$lBLL01$h0905
=CAT  \\$aBATCH-FIX$c20230511$lBLL01$h1628
=CFI  0\$aCurrent Copyright Fee: GBP32.00$c35\0$e02-aug-2021$fGBP32.00$g0$hP$5Uk
=CFI  2\$aPrevious Copyright Fee: GBP28.00$c0$e01-apr-2019$fGBP28.00$g0$hC$5Uk
=FFP  \\$aY$bBLDSS-3PM
=FIN  \\$aY$d20070317
=FMT  \\$a  SE
=LAS  \\$aBATCH-FIX$b00$c20230511$lBLL01$h1628
=LET  \0$aBJUI supplements (Print)
=LKR  \\$aPAR$b007075253$lBLL01$r772$mBJU international. Supplement (Print)$nBJU international (Print)
=LKR  \\$aPAR$b011451096$lBLL01$r78000$mBJU international. Supplement (Print)$nBritish journal of urology. Supplement
=TCO  \\$aCLA$bCLA$c008
=UNO  \\$aY

