=LDR  04613cas a2201057 a 4500
=001  013272935
=003  Uk
=005  20211231154311.0
=007  ta
=008  831109d19831996sz\mrzp\\\\\\\0\\\a0eng\\
=019  0\$as132048019
=019  c\$a2256942
=022  \\$a0923-0467$y0300-9467
=040  \\$aUk$beng$cUk
=041  0\$aeng$afre$ager
=042  \\$aukblsr
=082  00$a660.05$220
=084  \\$aLQ 00$2blsrissc
=084  \\$aKH 85$2blsrissc
=210  0\$aChem. eng. j. biochem. eng. j.
=222  \0$aChemical engineering journal and the biochemical engineering journal
=245  04$aThe Chemical engineering journal and the biochemical engineering journal.
=246  30$aBiochemical engineering journal
=246  13$aChemical engineering journal, the biochemical engineering journal
=260  \\$aLausanne :$bElsevier Sequoia S.A.,$c1983-1996.
=300  \\$a36 v. :$bill. ;$c28 cm.
=310  \\$aMonthly,$b-1996
=321  \\$aBimonthly,$bAug. 1983-
=321  \\$a3 no. a year,$b<Nov. 1990-Nov. 1991>
=336  \\$atext$2rdacontent
=337  \\$aunmediated$2rdamedia
=338  \\$avolume$2rdacarrier
=362  0\$aVol. 27, no. 1 (Aug. 1983)-v. 62, no 3 (June 1996).
=530  \\$aAvailable also by subscription via the World Wide Web.
=540  \\$aCurrent copyright fee: GBP34.30$c5\1$5Uk
=546  \\$aEnglish, French or German.
=650  \0$aChemical engineering$vPeriodicals.
=650  \0$aBiochemical engineering$vPeriodicals.
=780  00$tChemical engineering journal (Lausanne, Switzerland)$x0300-9467
=785  00$tChemical engineering journal (Lausanne, Switzerland : 1996)$x1385-8947
=852  49$aBritish Library$bDSC$3See shelfmark 3143.700000 for vol. 27, no. 1 (Aug. 1983)-v. 62, no 3 (June 1996)
=852  71$aBritish Library$bSTI$k(P)$hLQ 00$m-E(27)$2blsrissc$3Vol. 27, no. 1 (Aug. 1983)-v. 62, no 3 (June 1996)
=856  \\$31850-9999$uhttp://www.elsevier.com/journals$xBLDSS
=985  \\$aUpgraded by BSS-generated file for WR2011-1473
=ACF  \\$aPrevious copyright fee: GBP19.00$c5\2$e01-jan-2008$fGBP19.00$g0$hP$5Uk
=ACF  \\$aPrevious copyright fee: GBP18.00$c5\2$e01-apr-2004$fGBP18.00$g0$hP$5Uk
=ACF  \\$aCurrent copyright fee: GBP20.00$c5\2$e01-jan-2003$fGBP20.00$g0$hP$5Uk
=ACF  \\$aCurrent copyright fee: GBP15.00$c5\2$e01-jul-2002$fGBP15.00$g0$hP$5Uk
=ACF  \\$aPrevious copyright fee: GBP20.00$c5\1$e01-jan-2009$fGBP20.00$g0$hP$5Uk
=ACF  \\$aPrevious copyright fee: GBP21.00$c5\1$e01-jan-2012$fGBP21.00$g0$hP$5Uk
=ACF  \\$aPrevious copyright fee: GBP22.50$c5\1$e01-jan-2013$fGBP22.50$g0$hP$5Uk
=ACF  \\$aPrevious copyright fee: GBP23.40$c5\1$e01-jan-2018$fGBP23.40$g0$hP$5Uk
=CAT  \\$a8871$b40$c20050815$lBLL01$h1406
=CAT  \\$aBATCH-UPD$b40$c20071231$lBLL01$h2149
=CAT  \\$aBATCH$b00$c20071231$lBLL01$h2253
=CAT  \\$aBATCH-UPD$b00$c20081119$lBLL01$h1602
=CAT  \\$aBATCH-UPD$b00$c20081231$lBLL01$h2321
=CAT  \\$aBATCH-UPD$b00$c20090101$lBLL01$h0053
=CAT  \\$aBATCH$b00$c20090101$lBLL01$h0229
=CAT  \\$a6537$b40$c20090609$lBLL01$h1144
=CAT  \\$aWR11_155$c20111021$lBLL01$h1304
=CAT  \\$aWR11_155$c20111114$lBLL01$h1644
=CAT  \\$aBATCH-UPD$b00$c20111123$lBLL01$h1853
=CAT  \\$aIPL-CLA$c20111230$lBLL01$h2022
=CAT  \\$aBATCH-CLA$b00$c20121109$lBLL01$h1728
=CAT  \\$aBATCH-UPD$b00$c20121121$lBLL01$h1657
=CAT  \\$aIPL-CLA$c20121231$lBLL01$h1316
=CAT  \\$aIPL-CLA$c20130102$lBLL01$h1740
=CAT  \\$aBLDSS-3PM$b00$c20141222$lBLL01$h1714
=CAT  \\$aBATCH-UPD$b00$c20160413$lBLL01$h1820
=CAT  \\$aBATCH-UPD$b00$c20171121$lBLL01$h1745
=CAT  \\$aBATCH-UPD$b00$c20171121$lBLL01$h2356
=CAT  \\$aIPL-CLA$c20171231$lBLL01$h1645
=CAT  \\$aBATCH-UPD$b00$c20190521$lBLL01$h1437
=CAT  \\$aIPL-CLA$c20190630$lBLL01$h1534
=CAT  \\$aW2011-1473$b00$c20201124$lBLL01$h1858
=CAT  \\$aBATCH-UPD$b00$c20211119$lBLL01$h1554
=CAT  \\$aIPL-CLA$c20211231$lBLL01$h1543
=CFI  0\$aCurrent copyright fee: GBP34.30$c5\1$e01-jan-2022$fGBP34.30$g0$hP$5Uk
=CFI  2\$aPrevious copyright fee: GBP32.84$c5\1$e01-jul-2019$fGBP32.84$g0$hP$5Uk
=FFP  \\$aY$bBLDSS-3PM
=FIN  \\$aY$d20050815
=FMT  \\$a  SE
=LAS  \\$aIPL-CLA$b00$c20211231$lBLL01$h1543
=LEO  \\$aMP10.0000141350
=LEO  \\$aMP25.0000034193
=LKR  \\$aPAR$b013273020$lBLL01$nChemical engineering journal ($mChemical engineering journal a$r78000
=SRC  \\$aDSS01$bbibmp10.200404.2.aa
=SRC  \\$aSRI01$bbibmp25.200404.2.aa
=TCO  \\$aCHE$bPRO LITTERIS$c008
=TOC  \\$aETOC

