=LDR  06591 as a2201369 a 4500
=001  010994500
=003  Uk
=005  20200331160926.0
=006  aa\\\|||||||||||||
=007  ta
=008  790412d19791982enkmr\p\\\\\\\0\\\a0eng\\
=015  \\$aGB7917716$2bnb
=019  y\$aB7917716
=019  9\$ab7917716
=019  0\$as089199022
=022  0\$a0142-0356$202
=040  \\$aUk$cUk$dUk
=042  \\$aissnuk
=050  00$aTP1
=082  04$a660$221
=084  \\$aJB 00$2blsrissc
=210  0\$aJ. chem. technol. biotechnol.$b(1979)
=222  \0$aJournal of chemical technology and biotechnology$b(1979)
=245  00$aJournal of chemical technology and biotechnology.
=260  \\$aOxford :$bBlackwell Scientific for the Society of Chemical Industry,$c1979-1982.
=300  \\$av. :$bill. ;$c25 cm.
=336  \\$atext$2rdacontent
=337  \\$aunmediated$2rdamedia
=338  \\$avolume$2rdacarrier
=362  0\$aVol. 29, no. 1 (Jan. 1979)-
=540  \\$aCurrent copyright fee: GBP39.00$c35\0$5Uk
=650  \0$aChemistry, Technical$vPeriodicals.
=710  2\$aSociety of Chemical Industry (Great Britain)
=776  08$iAlso issued online as:$tJournal of chemical technology and biotechnology$x1935-181X
=780  00$tJournal of applied chemistry and biotechnology$x0375-9210
=785  06$tJournal of chemical technology and biotechnology. Chemical technology$x0264-3413
=785  06$tJournal of chemical technology and biotechnology. Biotechnology$x0264-3421
=852  71$aBritish Library$bSTI$k(P)$hJB 00$m-E(62)$2blsrissc$31979- ; Vol.29 (1979)-v. 32 (1982)
=852  49$aBritish Library$bDSC$3See shelfmark 4957.089000 for vol. 29 (1979)-Vol. 32 (1982)
=856  \\$31850-9999$uhttp://onlinelibrary.wiley.com/$xBLDSS
=985  \\$aRecord merged by DQ team
=ACF  \\$aPrevious Copyright Fee: GBP12.00$c0$e01-apr-2012$fGBP12.00$g0$hC$5Uk
=ACF  \\$aPrevious Copyright Fee: GBP12.00$c0$e01-jan-2012$fGBP12.00$g0$hC$5Uk
=ACF  \\$aPrevious Copyright Fee: GBP10.50$c0$e01-oct-2011$fGBP10.50$g0$hC$5Uk
=ACF  \\$aPrevious Copyright Fee: GBP10.50$c0$e01-jul-2011$fGBP10.50$g0$hC$5Uk
=ACF  \\$aPrevious Copyright Fee: GBP10.50$c0$e01-apr-2011$fGBP10.50$g0$hC$5Uk
=ACF  \\$aPrevious Copyright Fee: GBP10.50$c0$e01-jan-2011$fGBP10.50$g0$hC$5Uk
=ACF  \\$aPrevious Copyright Fee: GBP9.00$c0$e01-oct-2010$fGBP9.00$g0$hC$5Uk
=ACF  \\$aPrevious Copyright Fee: GBP9.00$c0$e01-jul-2010$fGBP9.00$g0$hC$5Uk
=ACF  \\$aPrevious Copyright Fee: GBP9.00$c0$e01-apr-2010$fGBP9.00$g0$hC$5Uk
=ACF  \\$aPrevious Copyright Fee: GBP9.00$c0$e01-Jan-2010$fGBP9.00$g0$hC$5Uk
=ACF  \\$aPrevious Copyright Fee: GBP6.00$c0$e01-oct-2009$fGBP6.00$g0$hC$5Uk
=ACF  \\$aPrevious Copyright Fee: GBP6.00$c0$e01-jul-2009$fGBP6.00$g0$hC$5Uk
=ACF  \\$aPrevious Copyright Fee: GBP6.00$c0$e01-apr-2009$fGBP6.00$g0$hC$5Uk
=ACF  \\$aPrevious Copyright Fee: GBP6.00$c0$e01-jan-2009$fGBP6.00$g0$hC$5Uk
=ACF  \\$aPrevious Copyright Fee: GBP6.00$c0$e01-oct-2008$fGBP6.00$g0$hC$5Uk
=ACF  \\$aPrevious Copyright Fee: GBP6.00$c0$e01-jul-2008$fGBP6.00$g0$hC$5Uk
=ACF  \\$aPrevious Copyright Fee: GBP6.00$c0$e01-apr-2008$fGBP6.00$g0$hC$5Uk
=ACF  \\$aPrevious Copyright Fee: GBP6.00$c0$e01-jan-2008$fGBP6.00$g0$hC$5Uk
=ACF  \\$aPrevious Copyright Fee: GBP5.00$c0$e01-oct-2007$fGBP5.00$g0$hC$5Uk
=ACF  \\$aPrevious Copyright Fee: GBP5.00$c0$e01-jul-2007$fGBP5.00$g0$hC$5Uk
=ACF  \\$aPrevious Copyright Fee: GBP5.00$c0$e01-apr-2007$fGBP5.00$g0$hC$5Uk
=ACF  \\$aPrevious Copyright Fee: GBP5.00$c0$e01-jan-2007$fGBP5.00$g0$hC$5Uk
=ACF  \\$aPrevious Copyright Fee: GBP5.00$c0$e01-oct-2006$fGBP5.00$g0$hC$5Uk
=ACF  \\$aPrevious Copyright Fee: GBP5.00$c0$e01-jul-2006$fGBP5.00$g0$hC$5Uk
=ACF  \\$aPrevious Copyright Fee: GBP5.00$c0$e01-apr-2006$fGBP5.00$g0$hC$5Uk
=ACF  \\$aPrevious Copyright Fee: GBP5.00$c0$e01-jan-2006$fGBP5.00$g0$hC$5Uk
=ACF  \\$aPrevious Copyright Fee: GBP5.00$c0$e01-oct-2005$fGBP5.00$g0$hC$5Uk
=ACF  \\$aPrevious Copyright Fee: GBP5.00$c0$e01-jul-2005$fGBP5.00$g0$hC$5Uk
=ACF  \\$aPrevious Copyright Fee: GBP5.00$c0$e01-apr-2005$fGBP5.00$g0$hC$5Uk
=ACF  \\$aPrevious Copyright Fee: GBP5.00$c0$e01-jan-2005$fGBP5.00$g0$hC$5Uk
=ACF  \\$aPrevious Copyright Fee: GBP5.00$c0$e01-oct-2004$fGBP5.00$g0$hC$5Uk
=ACF  \\$aPrevious Copyright Fee: GBP12.00$c0$e01-jul-2012$fGBP12.00$g0$hC$5Uk
=ACF  \\$aPrevious Copyright Fee: GBP12.30$c0$e01-jan-2014$fGBP12.30$g0$hC$5Uk
=ACF  \\$aPrevious Copyright Fee: GBP12.00$c0$e01-oct-2012$fGBP12.00$g0$hC$5Uk
=ACF  \\$aPrevious Copyright Fee: GBP24.00$c35\0$e28-apr-2015$fGBP24.00$g0$hP$5Uk
=CAT  \\$aCONV$b00$c20040425$lBLL90$h0544
=CAT  \\$aIPL-CLA$c20110930$lBLL01$h1532
=CAT  \\$aBATCH-CLA$b00$c20111130$lBLL01$h1204
=CAT  \\$aIPL-CLA$c20111230$lBLL01$h1900
=CAT  \\$aBATCH-CLA$b00$c20120229$lBLL01$h1626
=CAT  \\$aIPL-CLA$c20120330$lBLL01$h1419
=CAT  \\$aBATCH-CLA$b00$c20120531$lBLL01$h1713
=CAT  \\$aIPL-CLA$c20120629$lBLL01$h1017
=CAT  \\$aBATCH-CLA$b00$c20120831$lBLL01$h1529
=CAT  \\$aIPL-CLA$c20120930$lBLL01$h2050
=CAT  \\$aBATCH-CLA$b00$c20121107$lBLL01$h1915
=CAT  \\$aBATCH-UPD$b00$c20130118$lBLL01$h2111
=CAT  \\$aBATCH-CLA$b00$c20131129$lBLL01$h1636
=CAT  \\$aIPL-CLA$c20131231$lBLL01$h2145
=CAT  \\$aWR14_140$c20140905$lBLL01$h1745
=CAT  \\$a5552$b40$c20150428$lBLL01$h0926
=CAT  \\$aBLDSS-3PM$b00$c20150513$lBLL01$h0806
=CAT  \\$a10973$b40$c20150528$lBLL01$h0844
=CAT  \\$aBATCH-UPD$b40$c20160413$lBLL01$h1811
=CAT  \\$aBATCH-UPD$b40$c20180219$lBLL01$h1743
=CAT  \\$aBATCH-UPD$b40$c20180219$lBLL01$h1920
=CAT  \\$aBATCH-UPD$b40$c20181121$lBLL01$h1619
=CAT  \\$aIPL-CLA$c20181231$lBLL01$h1537
=CAT  \\$aBATCH-UPD$b00$c20200219$lBLL01$h1540
=CAT  \\$a5552$b40$c20200227$lBLL01$h1120
=CAT  \\$aIPL-CLA$c20200331$lBLL01$h1609
=CFI  0\$aCurrent copyright fee: GBP39.00$c35\0$e01-apr-2020$fGBP39.00$g0$hP$5Uk
=CFI  2\$aPrevious copyright fee: GBP28.00$c35\0$e01-jan-2019$fGBP28.00$g0$hP$5Uk
=FFP  \\$aY$bBLDSS-3PM
=FIN  \\$aY
=FMT  \\$a  SE
=LAS  \\$aIPL-CLA$b00$c20200331$lBLL01$h1609
=LEO  \\$aMP5.0000500596
=LEO  \\$aMP22.0000005178
=LEO  \\$aMP25.0000011886
=SRC  \\$aSRI01$bbibmp25.200404.2.aa
=SRC  \\$aBNB03$bbibmp5.200404.2.aa
=SRC  \\$aISN01$bbibmp22.200404.2.aa
=TCO  \\$aCLA$bCLA$c008
=TOC  \\$aETOC
=UNO  \\$aY

