=LDR  06932cas a2201453 a 4500
=001  011016294
=003  Uk
=005  20230511162730.0
=006  aa\\\|||||||||||||
=007  ta
=008  000404d20002000enker\p\\\\\\\0\\\a0eng\\
=015  \\$aGBA018291$2bnb
=019  y\$abA018291
=019  9\$abA018291
=019  0\$as655414002
=019  c\$a1445660
=022  0\$a1470-479X$202
=039  0\$a2582
=040  \\$aUk$cUk$dUk
=042  \\$aissnuk
=082  04$a546.05$221
=084  \\$aJH 20$2blsrissc
=210  0\$aDalton$b(Camb.)
=222  \0$aDalton$b(Cambridge)
=245  00$aDalton :$bincorporating Acta Chemica Scandinavica : an international journal of inorganic chemistry.
=260  \\$aCambridge :$bRoyal Society of Chemistry,$c2000.
=300  \\$a24 v. :$bill. ;$c30 cm.
=310  \\$aIssued twice a month
=336  \\$atext$2rdacontent
=337  \\$aunmediated$2rdamedia
=338  \\$avolume$2rdacarrier
=362  0\$a2000, no.1 (7 Jan. 2000)-2000, no.24 (21 Dec. 2000).
=515  \\$aIssue numbers begin each year with 1.
=540  \\$aCurrent copyright fee: GBP46.75$c6\1$5Uk
=580  \\$aFormed by the union of: Journal of the Chemical Society. Dalton transactions; and; part of: Acta chemica Scandinavica (Copenhagen, Denmark : 1989)
=650  \0$aChemistry, Inorganic$vPeriodicals.
=710  2\$aRoyal Society of Chemistry (Great Britain)
=780  14$tJournal of the Chemical Society. Dalton transactions (Print)$x0300-9246
=780  06$aActa Chemica Scandinavica$x0904-213X
=785  00$tJournal of the Chemical Society. Dalton Transactions (2001)$x1472-7773
=852  49$aBritish Library$bDSC$3See shelfmark 4727.200000 for vols. 2000
=852  71$aBritish Library$bSTI$k(P)$hJH 20$m-E(12)$2blsrissc$3No.1-24 (2000-2000)
=856  \\$31850-9999$uhttp://www.rsc.org/$xBLDSS
=945  \\$aDALTON.
=979  \\$aBritish Library$bDSC$j3517.796000N
=985  \\$aRecord merged by DQ team
=ACF  \\$aPrevious Copyright Fee: GBP27.00$c0$e01-oct-2012$fGBP27.00$g0$hC$5Uk
=ACF  \\$aPrevious Copyright Fee: GBP27.00$c0$e01-apr-2012$fGBP27.00$g0$hC$5Uk
=ACF  \\$aPrevious Copyright Fee: GBP27.00$c0$e01-jan-2012$fGBP27.00$g0$hC$5Uk
=ACF  \\$aPrevious Copyright Fee: GBP27.00$c0$e01-oct-2011$fGBP27.00$g0$hC$5Uk
=ACF  \\$aPrevious Copyright Fee: GBP27.00$c0$e01-jul-2011$fGBP27.00$g0$hC$5Uk
=ACF  \\$aPrevious Copyright Fee: GBP27.00$c0$e01-apr-2011$fGBP27.00$g0$hC$5Uk
=ACF  \\$aPrevious Copyright Fee: GBP27.00$c0$e01-jan-2011$fGBP27.00$g0$hC$5Uk
=ACF  \\$aPrevious Copyright Fee: GBP27.00$c0$e01-oct-2010$fGBP27.00$g0$hC$5Uk
=ACF  \\$aPrevious Copyright Fee: GBP27.00$c0$e01-jul-2010$fGBP27.00$g0$hC$5Uk
=ACF  \\$aPrevious Copyright Fee: GBP27.00$c0$e01-apr-2010$fGBP27.00$g0$hC$5Uk
=ACF  \\$aPrevious Copyright Fee: GBP27.00$c0$e01-Jan-2010$fGBP27.00$g0$hC$5Uk
=ACF  \\$aPrevious Copyright Fee: GBP27.00$c0$e01-oct-2009$fGBP27.00$g0$hC$5Uk
=ACF  \\$aPrevious Copyright Fee: GBP27.00$c0$e01-jul-2009$fGBP27.00$g0$hC$5Uk
=ACF  \\$aPrevious Copyright Fee: GBP27.00$c0$e01-apr-2009$fGBP27.00$g0$hC$5Uk
=ACF  \\$aPrevious Copyright Fee: GBP27.00$c0$e01-jan-2009$fGBP27.00$g0$hC$5Uk
=ACF  \\$aPrevious Copyright Fee: GBP24.00$c0$e01-oct-2008$fGBP24.00$g0$hC$5Uk
=ACF  \\$aPrevious Copyright Fee: GBP24.00$c0$e01-jul-2008$fGBP24.00$g0$hC$5Uk
=ACF  \\$aPrevious Copyright Fee: GBP24.00$c0$e01-apr-2008$fGBP24.00$g0$hC$5Uk
=ACF  \\$aPrevious Copyright Fee: GBP24.00$c0$e01-jan-2008$fGBP24.00$g0$hC$5Uk
=ACF  \\$aPrevious Copyright Fee: GBP22.00$c0$e01-oct-2007$fGBP22.00$g0$hC$5Uk
=ACF  \\$aPrevious Copyright Fee: GBP22.00$c0$e01-jul-2007$fGBP22.00$g0$hC$5Uk
=ACF  \\$aPrevious Copyright Fee: GBP22.00$c0$e01-apr-2007$fGBP22.00$g0$hC$5Uk
=ACF  \\$aPrevious Copyright Fee: GBP22.00$c0$e01-jan-2007$fGBP22.00$g0$hC$5Uk
=ACF  \\$aPrevious Copyright Fee: GBP22.00$c0$e01-oct-2006$fGBP22.00$g0$hC$5Uk
=ACF  \\$aPrevious Copyright Fee: GBP22.00$c0$e01-jul-2006$fGBP22.00$g0$hC$5Uk
=ACF  \\$aPrevious Copyright Fee: GBP22.00$c0$e01-apr-2006$fGBP22.00$g0$hC$5Uk
=ACF  \\$aPrevious Copyright Fee: GBP22.00$c0$e01-jan-2006$fGBP22.00$g0$hC$5Uk
=ACF  \\$aPrevious Copyright Fee: GBP20.00$c0$e01-oct-2005$fGBP20.00$g0$hC$5Uk
=ACF  \\$aPrevious Copyright Fee: GBP20.00$c0$e01-jul-2005$fGBP20.00$g0$hC$5Uk
=ACF  \\$aPrevious Copyright Fee: GBP20.00$c0$e01-apr-2005$fGBP20.00$g0$hC$5Uk
=ACF  \\$aPrevious Copyright Fee: GBP20.00$c0$e01-jan-2005$fGBP20.00$g0$hC$5Uk
=ACF  \\$aPrevious Copyright Fee: GBP10.00$c0$e01-oct-2004$fGBP10.00$g0$hC$5Uk
=ACF  \\$aPrevious copyright fee: GBP8.50$c6\1$e29-jan-2003$fGBP8.50$g0$hP$5Uk
=ACF  \\$aPrevious Copyright Fee: GBP27.00$c0$e01-jul-2012$fGBP27.00$g0$hC$5Uk
=CAT  \\$aCONV$b00$c20040425$lBLL90$h0615
=CAT  \\$aBATCH-CLA$b00$c20101115$lBLL01$h1603
=CAT  \\$aIPL-CLA$c20101231$lBLL01$h1401
=CAT  \\$aBATCH-CLA$b00$c20110228$lBLL01$h1534
=CAT  \\$aIPL-CLA$c20110331$lBLL01$h1451
=CAT  \\$aBATCH-CLA$b00$c20110531$lBLL01$h1633
=CAT  \\$aIPL-CLA$c20110630$lBLL01$h1531
=CAT  \\$aBATCH-CLA$b00$c20110831$lBLL01$h1755
=CAT  \\$aIPL-CLA$c20110930$lBLL01$h1533
=CAT  \\$aBATCH-CLA$b00$c20111130$lBLL01$h1201
=CAT  \\$aIPL-CLA$c20111230$lBLL01$h1901
=CAT  \\$aBATCH-CLA$b00$c20120229$lBLL01$h1615
=CAT  \\$aIPL-CLA$c20120330$lBLL01$h1419
=CAT  \\$aBATCH-CLA$b00$c20120531$lBLL01$h1702
=CAT  \\$aIPL-CLA$c20120629$lBLL01$h1017
=CAT  \\$aBATCH-CLA$b00$c20120831$lBLL01$h1525
=CAT  \\$aIPL-CLA$c20120930$lBLL01$h2050
=CAT  \\$aBATCH-CLA$b00$c20121107$lBLL01$h1915
=CAT  \\$aBATCH-CLA$b00$c20130228$lBLL01$h1704
=CAT  \\$aWR13.005$c20130323$lBLL01$h1339
=CAT  \\$aIPL-CLA$c20130331$lBLL01$h1050
=CAT  \\$a540_fix$c20130403$lBLL01$h2010
=CAT  \\$aWR14_140$c20140905$lBLL01$h1746
=CAT  \\$a5552$b40$c20190221$lBLL01$h1418
=CAT  \\$aBLDSS-3PM$b00$c20190227$lBLL01$h1406
=CAT  \\$aBATCH-UPD$b00$c20190227$lBLL01$h1407
=CAT  \\$aBATCH-FIX$c20230511$lBLL01$h1627
=CFI  0\$aCurrent copyright fee: GBP46.75$c6\1$e21-feb-2019$fGBP46.75$g0$hP$5Uk
=CFI  2\$aPrevious Copyright Fee: GBP36.00$c0$e01-apr-2013$fGBP36.00$g0$hC$5Uk
=FFP  \\$aY$bBLDSS-3PM
=FIN  \\$aY
=FMT  \\$a  SE
=LAS  \\$aBATCH-FIX$b00$c20230511$lBLL01$h1627
=LEO  \\$aMP5.0001453530
=LEO  \\$aMP22.0000064112
=LEO  \\$aMP25.0000337447
=LEO  \\$aMP10.0000179404
=LKR  \\$aPAR$b012090829$lBLL01$r78014$mDalton (Cambridge)$nJournal of the Chemical Society. Dalton transactions (Print)
=SRC  \\$aDSS03$bbibsr.200404.2.aa
=SRC  \\$aBNB03$bbibmp5.200404.2.ac
=SRC  \\$aISN01$bbibmp22.200404.2.aa
=SRC  \\$aSRI01$bbibmp25.200404.2.aa
=TCO  \\$aCLA$bCLA$c008
=UNO  \\$aY

