=LDR  04115cas a2200997 a 4500
=001  011751801
=003  Uk
=005  20211231154037.0
=007  ta
=008  040409d20002003enkqr\p\\\\\\\0\\\a0eng\\
=015  \\$aGBB0B8393$2bnb
=019  c\$a2578481
=022  0\$a1369-9350$y1369-9369
=040  \\$aUk$beng$cUk$dUk
=042  \\$aukblsr
=082  04$a551.460113$222
=222  \0$aMarine models online
=245  00$aMarine models online.
=246  17$aMarine models
=260  \\$aOxford :$bElsevier Science,$c2000-2003.
=300  \\$av. :$bill. (some col.) ;$c24 cm.
=310  \\$aQuarterly
=336  \\$atext$2rdacontent
=337  \\$aunmediated$2rdamedia
=338  \\$avolume$2rdacarrier
=362  0\$aVol 1, issue 1-4 (1999)-
=362  1\$aCeased in 2003.
=515  \\$aVol. 1 issue 1-4 designated 1999, but published in 2000.
=540  \\$aCurrent copyright fee: GBP34.30$c5\1$5Uk
=595  \\$aSEE ALSO 5376.505.
=650  \0$aMarine sciences$xComputer simulation$vPeriodicals.
=650  \0$aOceanography$xComputer simulation$vPeriodicals.
=772  0\$tProgress in oceanography$x0079-6611
=852  41$aBritish Library$bSTI
=856  \\$31850-9999$uhttp://www.elsevier.com/journals$xBLDSS
=945  \\$aMARINE MODELS ONLINE.
=963  \\$aVOL. 1, 1999- *A=1$bY$cU
=979  \\$aBritish Library$bDSC$j5376.520000N
=985  \\$aISSN is responsibility of Netherlands Centre although originally assigned by UK.
=985  \\$aDSC has ESTAR stock recorded at "Marine models", hence cross ref details. This is a print publication with "online" in the title to denote computer modelling aspect.
=A02  \\$a2578481
=ACF  \\$aPrevious copyright fee: GBP19.00$c5\1$e01-jan-2008$fGBP19.00$g0$hP$5Uk
=ACF  \\$aPrevious copyright fee: GBP18.00$c5\1$e01-apr-2004$fGBP18.00$g0$hP$5Uk
=ACF  \\$aCurrent copyright fee: GBP20.00$c5\1$e01-jan-2003$fGBP20.00$g0$hP$5Uk
=ACF  \\$aCurrent copyright fee: GBP15.00$c5\1$e01-jul-2002$fGBP15.00$g0$hP$5Uk
=ACF  \\$aPrevious copyright fee: GBP20.00$c5\1$e01-jan-2009$fGBP20.00$g0$hP$5Uk
=ACF  \\$aPrevious copyright fee: GBP21.00$c5\1$e01-jan-2012$fGBP21.00$g0$hP$5Uk
=ACF  \\$aPrevious copyright fee: GBP22.50$c5\1$e01-jan-2013$fGBP22.50$g0$hP$5Uk
=ACF  \\$aPrevious copyright fee: GBP23.40$c5\1$e01-jan-2018$fGBP23.40$g0$hP$5Uk
=AQN  \\$aPUBLISHER LIST = DISCONTINUED TITLE 27/3/02
=CAT  \\$aCONV$b00$c20040425$lBLL90$h0706
=CAT  \\$aBATCH-UPD$b00$c20081119$lBLL01$h1559
=CAT  \\$aBATCH-UPD$b00$c20081231$lBLL01$h2300
=CAT  \\$aBATCH-UPD$b00$c20090101$lBLL01$h0036
=CAT  \\$aBATCH$b00$c20090101$lBLL01$h0211
=CAT  \\$aBATCH$b00$c20091210$lBLL01$h0611
=CAT  \\$aBATCH$b00$c20091214$lBLL01$h0821
=CAT  \\$aBATCH$b00$c20091216$lBLL01$h0203
=CAT  \\$a8128$b40$c20101001$lBLL01$h1747
=CAT  \\$a8128$b40$c20101001$lBLL01$h1750
=CAT  \\$aBATCH-UPD$b40$c20111123$lBLL01$h1851
=CAT  \\$aIPL-CLA$c20111230$lBLL01$h1940
=CAT  \\$aBATCH-CLA$b00$c20121108$lBLL01$h1732
=CAT  \\$aBATCH-UPD$b00$c20121121$lBLL01$h1654
=CAT  \\$aIPL-CLA$c20121231$lBLL01$h1304
=CAT  \\$aIPL-CLA$c20130102$lBLL01$h1717
=CAT  \\$aWR13.005$c20130323$lBLL01$h1210
=CAT  \\$aBLDSS-3PM$b00$c20141222$lBLL01$h1712
=CAT  \\$aBATCH-UPD$b00$c20160413$lBLL01$h1813
=CAT  \\$aBATCH-UPD$b00$c20171121$lBLL01$h1741
=CAT  \\$aBATCH-UPD$b00$c20171121$lBLL01$h2315
=CAT  \\$aIPL-CLA$c20171231$lBLL01$h1554
=CAT  \\$aBATCH-UPD$b00$c20190521$lBLL01$h1433
=CAT  \\$aIPL-CLA$c20190630$lBLL01$h1530
=CAT  \\$aBATCH-UPD$b00$c20211119$lBLL01$h1551
=CAT  \\$aIPL-CLA$c20211231$lBLL01$h1540
=CFI  0\$aCurrent copyright fee: GBP34.30$c5\1$e01-jan-2022$fGBP34.30$g0$hP$5Uk
=CFI  2\$aPrevious copyright fee: GBP32.84$c5\1$e01-jul-2019$fGBP32.84$g0$hP$5Uk
=FFP  \\$aY$bBLDSS-3PM
=FIN  \\$aY
=FMT  \\$a  SE
=LAS  \\$aIPL-CLA$b00$c20211231$lBLL01$h1540
=LEO  \\$aMP10.0000358792
=SRC  \\$aDSS01$bbibmp10.200404.2.aa
=TCO  \\$aCLA$bCLA$c008
=TOC  \\$aETOC

