=LDR  06691cas a2201357 a 4500
=001  010186994
=003  Uk
=005  20230511162705.0
=007  ta
=008  040419d19721999enksr\p\\\\\\\0\\\a0eng\\
=019  0\$as002726076
=022  0\$a0300-922X$202
=040  \\$aUk$cUk$dUk
=042  \\$aissnuk
=082  04$a547
=084  \\$aJU 00$2blsrissc
=210  0\$aJ. Chem. Soc., Perkin trans., I$b(Print)
=222  \0$aJournal of the Chemical Society. Perkin transactions. I$b(Print)
=245  00$aJournal of the Chemical Society.$pPerkin transactions I.
=246  1\$iIssues for Jan. 1996-1999 have title:$aJournal of the Chemical Society.$pPerkin transactions.$n1,$pOrganic and bio-organic chemistry
=246  30$aJournal of the Chemical Society.$pPerkin transactions 1
=246  30$aOrganic and bio-organic chemistry
=260  \\$aLondon :$bChemical Society,$c1972-1999.
=300  \\$a28 v. :$bill. ;$c28 cm.
=310  \\$aSemimonthly,$b<Dec. 1995->
=321  \\$aFrequency varies
=336  \\$atext$2rdacontent
=337  \\$aunmediated$2rdamedia
=338  \\$avolume$2rdacarrier
=362  0\$aJan. 1972, 1-Dec. 21, 1999.
=540  \\$aCurrent copyright fee: GBP46.75$c6\1$5Uk
=650  \0$aBioorganic chemistry$vPeriodicals.
=650  \0$aChemistry, Organic$vPeriodicals.
=710  2\$aChemical Society (Great Britain)
=776  0\$tJournal of the Chemical Society. Perkin transactions. 1$c(Online)$x2050-8255
=780  00$tJournal of the Chemical Society. C. Organic$x0022-4952
=785  00$tPerkin 1$x1470-4358
=852  49$aBritish Library$bDSC$3See shelfmark 4729.100000 for vols. 1972-1999
=852  71$aBritish Library$bSTI$k(P)$hJU 00$m-E(9)$2blsrissc$31972-1999
=856  \\$31850-9999$uhttp://www.rsc.org/$xBLDSS
=945  \\$aJOURNAL- CHEMICAL SOCIETY PERKIN TRANSACTIONS 1
=979  \\$aBritish Library$bDSC$j4729.100000
=985  \\$aRecord merged by DQ team
=ACF  \\$aPrevious Copyright Fee: GBP27.00$c0$e01-oct-2012$fGBP27.00$g0$hC$5Uk
=ACF  \\$aPrevious Copyright Fee: GBP27.00$c0$e01-apr-2012$fGBP27.00$g0$hC$5Uk
=ACF  \\$aPrevious Copyright Fee: GBP27.00$c0$e01-jan-2012$fGBP27.00$g0$hC$5Uk
=ACF  \\$aPrevious Copyright Fee: GBP27.00$c0$e01-oct-2011$fGBP27.00$g0$hC$5Uk
=ACF  \\$aPrevious Copyright Fee: GBP27.00$c0$e01-jul-2011$fGBP27.00$g0$hC$5Uk
=ACF  \\$aPrevious Copyright Fee: GBP27.00$c0$e01-apr-2011$fGBP27.00$g0$hC$5Uk
=ACF  \\$aPrevious Copyright Fee: GBP27.00$c0$e01-jan-2011$fGBP27.00$g0$hC$5Uk
=ACF  \\$aPrevious Copyright Fee: GBP27.00$c0$e01-oct-2010$fGBP27.00$g0$hC$5Uk
=ACF  \\$aPrevious Copyright Fee: GBP27.00$c0$e01-jul-2010$fGBP27.00$g0$hC$5Uk
=ACF  \\$aPrevious Copyright Fee: GBP27.00$c0$e01-apr-2010$fGBP27.00$g0$hC$5Uk
=ACF  \\$aPrevious Copyright Fee: GBP27.00$c0$e01-Jan-2010$fGBP27.00$g0$hC$5Uk
=ACF  \\$aPrevious Copyright Fee: GBP27.00$c0$e01-oct-2009$fGBP27.00$g0$hC$5Uk
=ACF  \\$aPrevious Copyright Fee: GBP27.00$c0$e01-jul-2009$fGBP27.00$g0$hC$5Uk
=ACF  \\$aPrevious Copyright Fee: GBP27.00$c0$e01-apr-2009$fGBP27.00$g0$hC$5Uk
=ACF  \\$aPrevious Copyright Fee: GBP27.00$c0$e01-jan-2009$fGBP27.00$g0$hC$5Uk
=ACF  \\$aBritish Library not licensed to copy$c0$e01-oct-2008$hC$iCLA Excluded$5Uk
=ACF  \\$aPrevious Copyright Fee: GBP24.00$c0$e01-jul-2008$fGBP24.00$g0$hC$5Uk
=ACF  \\$aPrevious Copyright Fee: GBP24.00$c0$e01-apr-2008$fGBP24.00$g0$hC$5Uk
=ACF  \\$aPrevious Copyright Fee: GBP24.00$c0$e01-jan-2008$fGBP24.00$g0$hC$5Uk
=ACF  \\$aPrevious Copyright Fee: GBP22.00$c0$e01-oct-2007$fGBP22.00$g0$hC$5Uk
=ACF  \\$aPrevious Copyright Fee: GBP22.00$c0$e01-jul-2007$fGBP22.00$g0$hC$5Uk
=ACF  \\$aPrevious Copyright Fee: GBP22.00$c0$e01-apr-2007$fGBP22.00$g0$hC$5Uk
=ACF  \\$aPrevious Copyright Fee: GBP22.00$c0$e01-jan-2007$fGBP22.00$g0$hC$5Uk
=ACF  \\$aPrevious Copyright Fee: GBP22.00$c0$e01-oct-2006$fGBP22.00$g0$hC$5Uk
=ACF  \\$aPrevious Copyright Fee: GBP22.00$c0$e01-jul-2006$fGBP22.00$g0$hC$5Uk
=ACF  \\$aPrevious Copyright Fee: GBP22.00$c0$e01-apr-2006$fGBP22.00$g0$hC$5Uk
=ACF  \\$aPrevious Copyright Fee: GBP22.00$c0$e01-jan-2006$fGBP22.00$g0$hC$5Uk
=ACF  \\$aPrevious Copyright Fee: GBP20.00$c0$e01-oct-2005$fGBP20.00$g0$hC$5Uk
=ACF  \\$aPrevious Copyright Fee: GBP20.00$c0$e01-jul-2005$fGBP20.00$g0$hC$5Uk
=ACF  \\$aPrevious Copyright Fee: GBP20.00$c0$e01-apr-2005$fGBP20.00$g0$hC$5Uk
=ACF  \\$aPrevious Copyright Fee: GBP20.00$c0$e01-jan-2005$fGBP20.00$g0$hC$5Uk
=ACF  \\$aPrevious Copyright Fee: GBP10.00$c0$e01-oct-2004$fGBP10.00$g0$hC$5Uk
=ACF  \\$aPrevious Copyright Fee: GBP27.00$c0$e01-jul-2012$fGBP27.00$g0$hC$5Uk
=CAT  \\$aCONV$b00$c20040425$lBLL90$h0849
=CAT  \\$aIPL-CLA$c20100930$lBLL01$h1506
=CAT  \\$aBATCH-CLA$b00$c20101115$lBLL01$h1556
=CAT  \\$aIPL-CLA$c20101231$lBLL01$h1332
=CAT  \\$aBATCH-CLA$b00$c20110228$lBLL01$h1538
=CAT  \\$aIPL-CLA$c20110331$lBLL01$h1444
=CAT  \\$aBATCH-CLA$b00$c20110531$lBLL01$h1629
=CAT  \\$aIPL-CLA$c20110630$lBLL01$h1525
=CAT  \\$aBATCH-CLA$b00$c20110831$lBLL01$h1753
=CAT  \\$aIPL-CLA$c20110930$lBLL01$h1525
=CAT  \\$aBATCH-CLA$b00$c20111130$lBLL01$h1158
=CAT  \\$aIPL-CLA$c20111230$lBLL01$h1833
=CAT  \\$aBATCH-CLA$b00$c20120229$lBLL01$h1605
=CAT  \\$aIPL-CLA$c20120330$lBLL01$h1412
=CAT  \\$aBATCH-CLA$b00$c20120531$lBLL01$h1705
=CAT  \\$aIPL-CLA$c20120629$lBLL01$h1010
=CAT  \\$a11316$b40$c20120713$lBLL01$h1230
=CAT  \\$aBATCH-CLA$b00$c20120831$lBLL01$h1536
=CAT  \\$aIPL-CLA$c20120930$lBLL01$h2035
=CAT  \\$aBATCH-CLA$b00$c20121105$lBLL01$h1748
=CAT  \\$aBATCH-CLA$b00$c20130228$lBLL01$h1705
=CAT  \\$aIPL-CLA$c20130331$lBLL01$h1048
=CAT  \\$a540_fix$c20130403$lBLL01$h2008
=CAT  \\$a5552$b40$c20190221$lBLL01$h1402
=CAT  \\$aBLDSS-3PM$b00$c20190227$lBLL01$h1406
=CAT  \\$aBATCH-UPD$b00$c20190227$lBLL01$h1407
=CAT  \\$aBATCH-FIX$c20230511$lBLL01$h1627
=CFI  0\$aCurrent copyright fee: GBP46.75$c6\1$e21-feb-2019$fGBP46.75$g0$hP$5Uk
=CFI  2\$aPrevious Copyright Fee: GBP36.00$c0$e01-apr-2013$fGBP36.00$g0$hC$5Uk
=FFP  \\$aY$bBLDSS-3PM
=FIN  \\$aY
=FMT  \\$a  SE
=LAS  \\$aBATCH-FIX$b00$c20230511$lBLL01$h1627
=LEO  \\$aMP22.0000017661
=LEO  \\$aMP25.0000000275
=LKR  \\$aPAR$b012090828$lBLL01$r78000$mJournal of the Chemical Society. Perkin transactions I$nJournal of the Chemical Society. C. Organic
=SRC  \\$aSRI01$bbibmp25.200404.2.aa
=SRC  \\$aISN01$bbibmp22.200404.2.aa
=TCO  \\$aCLA$bCLA$c008
=UNO  \\$aY

