=LDR  05359 as a22010697a 4500
=001  010190568
=003  Uk
=005  20210126145846.0
=007  ta
=008  040419d19411948enkmr\p\\\\\\\0\\\a0eng\\
=022  0\$a0367-7559$202
=030  \\$aIEJGAB
=040  \\$aUk$cUk$dUk
=042  \\$aissnuk
=210  0\$aJ. Inst. Electr. Eng., 1 Gen.
=222  \0$aJournal of the Institution of Electrical Engineers, Part 1, General
=245  04$aThe journal of the Institution of Electrical Engineers.$nPart 1,$pGeneral.
=260  \\$aLondon :$bInstitution of Electrical Engineers,$c1941-1948.
=300  \\$a8 v. ;$c28 cm.
=310  \\$aMonthly
=336  \\$atext$2rdacontent
=337  \\$aunmediated$2rdamedia
=338  \\$avolume$2rdacarrier
=362  0\$aVol. 88 (1941)-v. 95 (1948).
=500  \\$aFrom 1949 the Journal continued without its previous 3 sections, which each continued as the Society's Proceedings
=540  \\$aCurrent copyright fee: GBP0.00$c35\0$5Uk
=710  2\$aInstitution of Electrical Engineers.
=776  08$iAlso issued online as:$tJournal of the Institution of Electrical Engineers, Part 1, General$x2054-0582
=780  01$tJournal of The Institution of Electrical Engineers (1889)$x0099-2887
=785  11$tJournal of the Institution of Electrical Engineers (1949)$x0368-2692
=785  10$tProceedings of the Institution of Electrical Engineers. Part 1, General$x0369-8920
=852  49$aBritish Library$bDSC$3See shelfmark 4792.000000 for vol. 18, 1889- ns: 9, 1963 *A=1
=852  71$aBritish Library$bSTI$k(P)$hRC 00$m-E(14)$2blsrissc$31941-1948
=856  \\$31850-9999$uhttp://www.theiet.org/$xBLDSS
=ACF  \\$aPrevious Copyright Fee: GBP17.00$c0$e01-oct-2010$fGBP17.00$g0$hC$5Uk
=ACF  \\$aPrevious Copyright Fee: GBP17.00$c0$e01-jul-2010$fGBP17.00$g0$hC$5Uk
=ACF  \\$aPrevious Copyright Fee: GBP17.00$c0$e01-apr-2010$fGBP17.00$g0$hC$5Uk
=ACF  \\$aPrevious Copyright Fee: GBP17.00$c0$e01-Jan-2010$fGBP17.00$g0$hC$5Uk
=ACF  \\$aPrevious Copyright Fee: GBP17.00$c0$e01-oct-2009$fGBP17.00$g0$hC$5Uk
=ACF  \\$aPrevious Copyright Fee: GBP17.00$c0$e01-jul-2009$fGBP17.00$g0$hC$5Uk
=ACF  \\$aPrevious Copyright Fee: GBP17.00$c0$e01-apr-2009$fGBP17.00$g0$hC$5Uk
=ACF  \\$aPrevious Copyright Fee: GBP17.00$c0$e01-jan-2009$fGBP17.00$g0$hC$5Uk
=ACF  \\$aPrevious Copyright Fee: GBP17.00$c0$e01-oct-2008$fGBP17.00$g0$hC$5Uk
=ACF  \\$aPrevious Copyright Fee: GBP17.00$c0$e01-jul-2008$fGBP17.00$g0$hC$5Uk
=ACF  \\$aPrevious Copyright Fee: GBP17.00$c0$e01-apr-2008$fGBP17.00$g0$hC$5Uk
=ACF  \\$aPrevious Copyright Fee: GBP17.00$c0$e01-jan-2008$fGBP17.00$g0$hC$5Uk
=ACF  \\$aPrevious Copyright Fee: GBP17.00$c0$e01-oct-2007$fGBP17.00$g0$hC$5Uk
=ACF  \\$aPrevious Copyright Fee: GBP17.00$c0$e01-jul-2007$fGBP17.00$g0$hC$5Uk
=ACF  \\$aPrevious Copyright Fee: GBP17.00$c0$e01-apr-2007$fGBP17.00$g0$hC$5Uk
=ACF  \\$aPrevious Copyright Fee: GBP17.00$c0$e01-jan-2007$fGBP17.00$g0$hC$5Uk
=ACF  \\$aPrevious Copyright Fee: GBP17.00$c0$e01-oct-2006$fGBP17.00$g0$hC$5Uk
=ACF  \\$aPrevious Copyright Fee: GBP17.00$c0$e01-jul-2006$fGBP17.00$g0$hC$5Uk
=ACF  \\$aPrevious Copyright Fee: GBP17.00$c0$e01-apr-2006$fGBP17.00$g0$hC$5Uk
=ACF  \\$aCurrent Copyright Fee: GBP17.00$c0$e01-jan-2011$fGBP17.00$g0$hC$5Uk
=CAT  \\$aCONV$b00$c20040425$lBLL90$h0849
=CAT  \\$aBATCH-UPD$b00$c20091231$lBLL01$h1823
=CAT  \\$aBATCH$b00$c20091231$lBLL01$h1842
=CAT  \\$aBATCH-CLA$b00$c20100224$lBLL01$h1204
=CAT  \\$aBATCH-UPD$b00$c20100331$lBLL01$h2207
=CAT  \\$aBATCH-UPD$b00$c20100401$lBLL01$h0141
=CAT  \\$aBATCH$b00$c20100401$lBLL01$h0442
=CAT  \\$aBATCH$b00$c20100401$lBLL01$h1503
=CAT  \\$aBATCH-CLA$b00$c20100602$lBLL01$h1358
=CAT  \\$aBATCH-UPD$b00$c20100630$lBLL01$h1918
=CAT  \\$aBATCH-UPD$b00$c20100630$lBLL01$h1952
=CAT  \\$aIPL-CLA$c20100630$lBLL01$h2019
=CAT  \\$aBATCH-CLA$b00$c20100831$lBLL01$h1518
=CAT  \\$aIPL-CLA$c20100930$lBLL01$h1506
=CAT  \\$aBATCH-CLA$b00$c20101115$lBLL01$h1556
=CAT  \\$aIPL-CLA$c20101231$lBLL01$h1333
=CAT  \\$aBATCH-CLA$b00$c20110228$lBLL01$h1531
=CAT  \\$a5552$b40$c20110302$lBLL01$h0921
=CAT  \\$aBATCH-UPD$b40$c20121105$lBLL01$h1134
=CAT  \\$aBATCH-CLA$b00$c20121105$lBLL01$h1748
=CAT  \\$a11316$b40$c20131004$lBLL01$h1236
=CAT  \\$aBLDSS-3PM$b00$c20150111$lBLL01$h1519
=CAT  \\$aBATCH-UPD$b00$c20160413$lBLL01$h1808
=CAT  \\$a5552$b40$c20170302$lBLL01$h1431
=CAT  \\$aBATCH-UPD$b40$c20210126$lBLL01$h1421
=CAT  \\$aIPL-CLA$c20210126$lBLL01$h1458
=CFI  0\$aCurrent copyright fee: GBP0.00$c35\0$e26-jan-2021$fGBP0.00$g0$hP$5Uk
=CFI  2\$aPrevious copyright fee: GBP15.00$c33\0$e02-mar-2011$fGBP15.00$g0$hP$5Uk
=FFP  \\$aY$bBLDSS-3PM
=FIN  \\$aY
=FMT  \\$a  SE
=LAS  \\$aIPL-CLA$b00$c20210126$lBLL01$h1458
=LEO  \\$aMP22.0000022751
=LKR  \\$aPAR$b010485624$lBLL01$nJournal of the Institution of$mJournal of the Institution of$r78511
=LKR  \\$aPAR$b010190717$lBLL01$r78510$mJournal of the Institution of Electrical Engineers, Part 1: General$nProceedings of the Institution of Electrical Engineers, Part 1: General
=SRC  \\$aISN01$bbibmp22.200404.2.aa
=TCO  \\$aCLA$bCLA$c008
=UNO  \\$aY

