=LDR  06687 as a2201309 a 4500
=001  010190753
=003  Uk
=005  20180601135047.0
=007  ta
=008  040419d19581967enkmr\p\\\\\\\0\\\a0eng\\
=019  0\$as016756045
=022  0\$a0370-1328$202
=030  \\$aPPSOAU
=040  \\$aUk$cUk$dUk
=042  \\$aissnuk
=082  04$a530$222
=084  \\$aPQ 00$2blsrissc
=130  0\$aProceedings of the Physical Society (1958)
=210  0\$aProc. Phys. Soc.$b(1958)
=222  \0$aProceedings of the Physical Society$b(1958)
=245  10$aProceedings of the Physical Society.
=260  \\$aLondon :$bInstitute of Physics and the Physical Society,$c1958-1967.
=300  \\$av. :$bill. ;$c26 cm.
=336  \\$atext$2rdacontent
=337  \\$aunmediated$2rdamedia
=338  \\$avolume$2rdacarrier
=540  \\$aCurrent Copyright Fee: GBP30.00$c77\0$5Uk
=580  \\$aFormed by the union of: Proceedings of the Physical Society. Section A, and Proceedings of the Physical Society. Section B.
=650  \0$aPhysics$vPeriodicals.
=710  2\$aInstitute of Physics and the Physical Society.
=776  08$iAlso issued online as:$tProceedings of the Physical Society (1958)$x1747-3810
=780  14$tProceedings of the Physical Society. Section A$x0370-1298
=780  14$tProceedings of the Physical Society. Section B$x0370-1301
=785  06$tJournal of physics. A, Proceedings of the Physical Society. General$x0022-3689
=785  06$tJournal of physics. B, Proceedings of the Physical Society. Atomic and molecular physics$x0368-3508
=785  06$tJournal of physics. C, Proceedings of the Physical Society. Solid state physics$x0368-3516
=852  49$aBritish Library$bDSC$3See shelfmark 6787.000000 for vol. 71 (1958)-v. 92 (1967)
=852  71$aBritish Library$bSTI$k(P)$hPQ 00$m-E(14)$2blsrissc$31960-1967; Vol.76-92.
=856  \\$31850-9999$uhttp://www.iop.org/$xBLDSS
=968  \\$aC
=ACF  \\$aPrevious Copyright Fee: GBP20.00$c0$e01-apr-2012$fGBP20.00$g0$hC$5Uk
=ACF  \\$aPrevious Copyright Fee: GBP20.00$c0$e01-jan-2012$fGBP20.00$g0$hC$5Uk
=ACF  \\$aPrevious Copyright Fee: GBP20.00$c0$e01-oct-2011$fGBP20.00$g0$hC$5Uk
=ACF  \\$aPrevious Copyright Fee: GBP20.00$c0$e01-jul-2011$fGBP20.00$g0$hC$5Uk
=ACF  \\$aPrevious Copyright Fee: GBP20.00$c0$e01-apr-2011$fGBP20.00$g0$hC$5Uk
=ACF  \\$aPrevious Copyright Fee: GBP20.00$c0$e01-jan-2011$fGBP20.00$g0$hC$5Uk
=ACF  \\$aPrevious Copyright Fee: GBP18.40$c0$e01-oct-2010$fGBP18.40$g0$hC$5Uk
=ACF  \\$aPrevious Copyright Fee: GBP18.40$c0$e01-jul-2010$fGBP18.40$g0$hC$5Uk
=ACF  \\$aPrevious Copyright Fee: GBP18.40$c0$e01-apr-2010$fGBP18.40$g0$hC$5Uk
=ACF  \\$aPrevious Copyright Fee: GBP18.40$c0$e01-Jan-2010$fGBP18.40$g0$hC$5Uk
=ACF  \\$aPrevious Copyright Fee: GBP18.40$c0$e01-oct-2009$fGBP18.40$g0$hC$5Uk
=ACF  \\$aPrevious Copyright Fee: GBP18.40$c0$e01-jul-2009$fGBP18.40$g0$hC$5Uk
=ACF  \\$aPrevious Copyright Fee: GBP18.40$c0$e01-apr-2009$fGBP18.40$g0$hC$5Uk
=ACF  \\$aPrevious Copyright Fee: GBP18.40$c0$e01-jan-2009$fGBP18.40$g0$hC$5Uk
=ACF  \\$aPrevious Copyright Fee: GBP18.40$c0$e01-oct-2008$fGBP18.40$g0$hC$5Uk
=ACF  \\$aPrevious Copyright Fee: GBP18.40$c0$e01-jul-2008$fGBP18.40$g0$hC$5Uk
=ACF  \\$aPrevious Copyright Fee: GBP18.40$c0$e01-apr-2008$fGBP18.40$g0$hC$5Uk
=ACF  \\$aPrevious Copyright Fee: GBP18.40$c0$e01-jan-2008$fGBP18.40$g0$hC$5Uk
=ACF  \\$aPrevious Copyright Fee: GBP18.40$c0$e01-oct-2007$fGBP18.40$g0$hC$5Uk
=ACF  \\$aPrevious Copyright Fee: GBP18.40$c0$e01-jul-2007$fGBP18.40$g0$hC$5Uk
=ACF  \\$aPrevious Copyright Fee: GBP18.40$c0$e01-apr-2007$fGBP18.40$g0$hC$5Uk
=ACF  \\$aPrevious Copyright Fee: GBP18.40$c0$e01-jan-2007$fGBP18.40$g0$hC$5Uk
=ACF  \\$aPrevious Copyright Fee: GBP18.40$c0$e01-oct-2006$fGBP18.40$g0$hC$5Uk
=ACF  \\$aPrevious Copyright Fee: GBP18.40$c0$e01-jul-2006$fGBP18.40$g0$hC$5Uk
=ACF  \\$aPrevious Copyright Fee: GBP18.40$c0$e01-apr-2006$fGBP18.40$g0$hC$5Uk
=ACF  \\$aPrevious Copyright Fee: GBP18.40$c0$e01-jan-2006$fGBP18.40$g0$hC$5Uk
=ACF  \\$aPrevious Copyright Fee: GBP18.40$c0$e01-oct-2005$fGBP18.40$g0$hC$5Uk
=ACF  \\$aPrevious Copyright Fee: GBP18.40$c0$e01-jul-2005$fGBP18.40$g0$hC$5Uk
=ACF  \\$aPrevious Copyright Fee: GBP18.40$c0$e01-apr-2005$fGBP18.40$g0$hC$5Uk
=ACF  \\$aPrevious Copyright Fee: GBP18.40$c0$e01-jan-2005$fGBP18.40$g0$hC$5Uk
=ACF  \\$aPrevious Copyright Fee: GBP18.40$c0$e01-oct-2004$fGBP18.40$g0$hC$5Uk
=ACF  \\$aPrevious Copyright Fee: GBP20.00$c0$e01-jul-2012$fGBP20.00$g0$hC$5Uk
=CAT  \\$aCONV$b00$c20040425$lBLL90$h0849
=CAT  \\$aBATCH-CLA$b00$c20100831$lBLL01$h1518
=CAT  \\$aIPL-CLA$c20100930$lBLL01$h1506
=CAT  \\$aBATCH-CLA$b00$c20101115$lBLL01$h1556
=CAT  \\$aIPL-CLA$c20101231$lBLL01$h1333
=CAT  \\$aBATCH-CLA$b00$c20110228$lBLL01$h1538
=CAT  \\$aIPL-CLA$c20110331$lBLL01$h1445
=CAT  \\$aBATCH-CLA$b00$c20110531$lBLL01$h1641
=CAT  \\$aIPL-CLA$c20110630$lBLL01$h1525
=CAT  \\$aBATCH-CLA$b00$c20110831$lBLL01$h1746
=CAT  \\$aIPL-CLA$c20110930$lBLL01$h1526
=CAT  \\$aBATCH-CLA$b00$c20111130$lBLL01$h1204
=CAT  \\$aIPL-CLA$c20111230$lBLL01$h1833
=CAT  \\$aBATCH-CLA$b00$c20120229$lBLL01$h1611
=CAT  \\$aIPL-CLA$c20120330$lBLL01$h1412
=CAT  \\$aBATCH-CLA$b00$c20120531$lBLL01$h1658
=CAT  \\$aIPL-CLA$c20120629$lBLL01$h1010
=CAT  \\$aBATCH-CLA$b00$c20120831$lBLL01$h1535
=CAT  \\$aIPL-CLA$c20120930$lBLL01$h2037
=CAT  \\$aBATCH-CLA$b00$c20121105$lBLL01$h1748
=CAT  \\$a11316$b40$c20141106$lBLL01$h0941
=CAT  \\$a5552$b40$c20180601$lBLL01$h0827
=CAT  \\$a5552$b40$c20180601$lBLL01$h1350
=CAT  \\$aIPL-CLA$c20180630$lBLL01$h1911
=CAT  \\$aBLDSS-3PM$b00$c20180723$lBLL01$h1540
=CAT  \\$aBATCH-UPD$b00$c20180723$lBLL01$h1548
=CFI  0\$aCurrent Copyright Fee: GBP30.00$c77\0$e01-jul-2018$fGBP30.00$g0$hP$5Uk
=CFI  2\$aPrevious Copyright Fee: GBP20.00$c0$e01-oct-2012$fGBP20.00$g0$hC$5Uk
=FFP  \\$aY$bBLDSS-3PM
=FIN  \\$aY
=FMT  \\$a  SE
=LAS  \\$aBATCH-UPD$b00$c20180723$lBLL01$h1548
=LEO  \\$aMP25.0000001356
=LEO  \\$aMP22.0000022975
=LKR  \\$aPAR$b010190750$lBLL01$r78014$mProceedings of the Physical Society (1958)$nProceedings of the Physical Society. Section A
=LKR  \\$aPAR$b010190751$lBLL01$r78014$mProceedings of the Physical Society (1958)$nProceedings of the Physical Society. Section B
=SRC  \\$aSRI01$bbibmp25.200404.2.aa
=SRC  \\$aISN01$bbibmp22.200404.2.aa
=TCO  \\$aCLA$bCLA$c008
=UNO  \\$aY

