=LDR  06059 as a22011773a 4500
=001  010191673
=003  Uk
=005  20180601135256.0
=007  ta
=008  861007d19681969enkmr\p\\\\\\\0\\\a0eng\\
=022  0\$a0950-1290$202
=040  \\$aUk$cUk
=084  \\$aPJ 00$2blsrissc
=210  0\$aJ. phys., E J. sci. instrum.
=222  \0$aJournal of physics. E, Journal of scientific instruments
=245  00$aJournal of physics. E, Journal of scientific instruments
=246  00$aJournal of scientific instruments (1968)
=260  \\$aLondon :$bInstitute of Physics :$bPhysical Society.
=336  \\$atext$2rdacontent
=337  \\$aunmediated$2rdamedia
=338  \\$avolume$2rdacarrier
=540  \\$aCurrent Copyright Fee: GBP30.00$c77\0$5Uk
=776  0\$tJournal of physics. E, Journal of scientific instruments$c(Online)$x2051-5677
=780  00$tJournal of scientific instruments (1950)$x0950-7671
=785  00$tJournal of physics. E. Scientific instruments$x0022-3735
=852  71$aBritish Library$bSTI$k(P)$hPJ 00$m-E(16)$2blsrissc$3Ser. 2: vol.1,1968, 2, 1969***Accession number 061276006
=852  49$aBritish Library$bDSC$3See shelfmark 5058.000000 for NS: Vol. 1, 1968- 2, 1969
=856  \\$31850-9999$uhttp://ioppublishing.org/$xBLDSS
=945  \\$aJournal of physics -London- E Journal of scientific instruments.
=979  \\$aBritish Library$bDSC$j5036.241000N
=ACF  \\$aPrevious Copyright Fee: GBP20.00$c0$e01-apr-2012$fGBP20.00$g0$hC$5Uk
=ACF  \\$aPrevious Copyright Fee: GBP20.00$c0$e01-jan-2012$fGBP20.00$g0$hC$5Uk
=ACF  \\$aPrevious Copyright Fee: GBP20.00$c0$e01-oct-2011$fGBP20.00$g0$hC$5Uk
=ACF  \\$aPrevious Copyright Fee: GBP20.00$c0$e01-jul-2011$fGBP20.00$g0$hC$5Uk
=ACF  \\$aPrevious Copyright Fee: GBP20.00$c0$e01-apr-2011$fGBP20.00$g0$hC$5Uk
=ACF  \\$aPrevious Copyright Fee: GBP20.00$c0$e01-jan-2011$fGBP20.00$g0$hC$5Uk
=ACF  \\$aPrevious Copyright Fee: GBP18.40$c0$e01-oct-2010$fGBP18.40$g0$hC$5Uk
=ACF  \\$aPrevious Copyright Fee: GBP18.40$c0$e01-jul-2010$fGBP18.40$g0$hC$5Uk
=ACF  \\$aPrevious Copyright Fee: GBP18.40$c0$e01-apr-2010$fGBP18.40$g0$hC$5Uk
=ACF  \\$aPrevious Copyright Fee: GBP18.40$c0$e01-Jan-2010$fGBP18.40$g0$hC$5Uk
=ACF  \\$aPrevious Copyright Fee: GBP18.40$c0$e01-oct-2009$fGBP18.40$g0$hC$5Uk
=ACF  \\$aPrevious Copyright Fee: GBP18.40$c0$e01-jul-2009$fGBP18.40$g0$hC$5Uk
=ACF  \\$aPrevious Copyright Fee: GBP18.40$c0$e01-apr-2009$fGBP18.40$g0$hC$5Uk
=ACF  \\$aPrevious Copyright Fee: GBP18.40$c0$e01-jan-2009$fGBP18.40$g0$hC$5Uk
=ACF  \\$aPrevious Copyright Fee: GBP18.40$c0$e01-oct-2008$fGBP18.40$g0$hC$5Uk
=ACF  \\$aPrevious Copyright Fee: GBP18.40$c0$e01-jul-2008$fGBP18.40$g0$hC$5Uk
=ACF  \\$aPrevious Copyright Fee: GBP18.40$c0$e01-apr-2008$fGBP18.40$g0$hC$5Uk
=ACF  \\$aPrevious Copyright Fee: GBP18.40$c0$e01-jan-2008$fGBP18.40$g0$hC$5Uk
=ACF  \\$aPrevious Copyright Fee: GBP18.40$c0$e01-oct-2007$fGBP18.40$g0$hC$5Uk
=ACF  \\$aPrevious Copyright Fee: GBP18.40$c0$e01-jul-2007$fGBP18.40$g0$hC$5Uk
=ACF  \\$aPrevious Copyright Fee: GBP18.40$c0$e01-apr-2007$fGBP18.40$g0$hC$5Uk
=ACF  \\$aPrevious Copyright Fee: GBP18.40$c0$e01-jan-2007$fGBP18.40$g0$hC$5Uk
=ACF  \\$aPrevious Copyright Fee: GBP18.40$c0$e01-oct-2006$fGBP18.40$g0$hC$5Uk
=ACF  \\$aPrevious Copyright Fee: GBP18.40$c0$e01-jul-2006$fGBP18.40$g0$hC$5Uk
=ACF  \\$aPrevious Copyright Fee: GBP18.40$c0$e01-apr-2006$fGBP18.40$g0$hC$5Uk
=ACF  \\$aPrevious Copyright Fee: GBP18.40$c0$e01-jan-2006$fGBP18.40$g0$hC$5Uk
=ACF  \\$aPrevious Copyright Fee: GBP18.40$c0$e01-oct-2005$fGBP18.40$g0$hC$5Uk
=ACF  \\$aPrevious Copyright Fee: GBP18.40$c0$e01-jul-2005$fGBP18.40$g0$hC$5Uk
=ACF  \\$aPrevious Copyright Fee: GBP18.40$c0$e01-apr-2005$fGBP18.40$g0$hC$5Uk
=ACF  \\$aPrevious Copyright Fee: GBP18.40$c0$e01-jan-2005$fGBP18.40$g0$hC$5Uk
=ACF  \\$aPrevious Copyright Fee: GBP18.40$c0$e01-oct-2004$fGBP18.40$g0$hC$5Uk
=ACF  \\$aPrevious Copyright Fee: GBP20.00$c0$e01-oct-2012$fGBP20.00$g0$hC$5Uk
=ACF  \\$aPrevious Copyright Fee: GBP20.00$c0$e01-jul-2012$fGBP20.00$g0$hC$5Uk
=CAT  \\$aCONV$b00$c20040425$lBLL90$h0849
=CAT  \\$aBATCH-CLA$b00$c20110228$lBLL01$h1532
=CAT  \\$aIPL-CLA$c20110331$lBLL01$h1445
=CAT  \\$aBATCH-CLA$b00$c20110531$lBLL01$h1636
=CAT  \\$aIPL-CLA$c20110630$lBLL01$h1525
=CAT  \\$aBATCH-CLA$b00$c20110831$lBLL01$h1749
=CAT  \\$aIPL-CLA$c20110930$lBLL01$h1526
=CAT  \\$aBATCH-CLA$b00$c20111130$lBLL01$h1202
=CAT  \\$aIPL-CLA$c20111230$lBLL01$h1834
=CAT  \\$aBATCH-CLA$b00$c20120229$lBLL01$h1620
=CAT  \\$aIPL-CLA$c20120330$lBLL01$h1413
=CAT  \\$aBATCH-CLA$b00$c20120531$lBLL01$h1713
=CAT  \\$aIPL-CLA$c20120629$lBLL01$h1010
=CAT  \\$aBATCH-CLA$b00$c20120831$lBLL01$h1527
=CAT  \\$aIPL-CLA$c20120930$lBLL01$h2037
=CAT  \\$aBATCH-CLA$b00$c20121105$lBLL01$h1747
=CAT  \\$a11313$b40$c20121121$lBLL01$h0850
=CAT  \\$a5552$b40$c20150108$lBLL01$h1132
=CAT  \\$aBLDSS-3PM$b00$c20150302$lBLL01$h1656
=CAT  \\$aBATCH-UPD$b00$c20160413$lBLL01$h1809
=CAT  \\$aBATCH-UPD$b00$c20160524$lBLL01$h2259
=CAT  \\$aBATCH-UPD$b00$c20160525$lBLL01$h0650
=CAT  \\$a5552$b40$c20170407$lBLL01$h1123
=CAT  \\$a5552$b40$c20180601$lBLL01$h0842
=CAT  \\$a5552$b40$c20180601$lBLL01$h1352
=CAT  \\$aIPL-CLA$c20180630$lBLL01$h1911
=CFI  0\$aCurrent Copyright Fee: GBP30.00$c77\0$e01-jul-2018$fGBP30.00$g0$hP$5Uk
=CFI  2\$aPrevious Copyright Fee: GBP20.00$c77\0$e08-jan-2015$fGBP20.00$g0$hP$5Uk
=FFP  \\$aY$bBLDSS-3PM
=FIN  \\$aY
=FMT  \\$a  SE
=LAS  \\$aIPL-CLA$b00$c20180630$lBLL01$h1911
=LEO  \\$aMP22.0000024138
=LKR  \\$aPAR$b010492119$lBLL01$r78000$mJournal of physics. E, Journal of scientific instruments$nJournal of scientific instruments (1950)
=SRC  \\$aISN01$bbibmp22.200404.2.aa
=TCO  \\$aCLA$bCLA$c008
=TOC  \\$aETOC
=UNO  \\$aY

