=LDR  06355cas a2201285 a 4500
=001  010192874
=003  Uk
=005  20230930080401.0
=007  ta
=008  870908d19841987enk\x\m\\\\\\\0\\\a0eng\\
=022  0\$a0952-410X$y0305-0963$202
=040  \\$aUk$cUk$dUk
=042  \\$aissnuk
=210  0\$aRadic. sci. ser.
=222  \0$aRadical science series
=245  00$aRadical science series.
=246  30$aRadical science
=260  \\$aLondon :$bFree Association Books,$c1985-1987.
=300  \\$a4 v. :$bill. ;$c21-23 cm.
=310  \\$aIrregular
=336  \\$atext$2rdacontent
=337  \\$aunmediated$2rdamedia
=338  \\$avolume$2rdacarrier
=362  0\$aNo. 18-no. 21.
=515  \\$aNo. 21 is "pilot issue" of: Science as culture.
=540  \\$aCurrent copyright fee: GBP37.00$c2\0$5Uk
=650  \0$aScience$xSocial aspects.
=650  \0$aTechnology$xSocial aspects.
=780  00$tRadical science
=785  00$tScience as culture$x0950-5431
=852  49$aBritish Library$bDSC$3See 7228.096900 for no. 18 (1985)-no. 21 (1987)
=856  \\$31850-9999$uhttp://www.tandfonline.com/$xBLDSS
=ACF  \\$aPrevious Copyright Fee: GBP18.02$c0$e01-apr-2012$fGBP18.02$g0$hC$5Uk
=ACF  \\$aPrevious Copyright Fee: GBP18.02$c0$e01-jan-2012$fGBP18.02$g0$hC$5Uk
=ACF  \\$aPrevious Copyright Fee: GBP18.02$c0$e01-oct-2011$fGBP18.02$g0$hC$5Uk
=ACF  \\$aPrevious Copyright Fee: GBP18.02$c0$e01-jul-2011$fGBP18.02$g0$hC$5Uk
=ACF  \\$aPrevious Copyright Fee: GBP18.02$c0$e01-apr-2011$fGBP18.02$g0$hC$5Uk
=ACF  \\$aPrevious Copyright Fee: GBP18.02$c0$e01-jan-2011$fGBP18.02$g0$hC$5Uk
=ACF  \\$aPrevious Copyright Fee: GBP18.02$c0$e01-oct-2010$fGBP18.02$g0$hC$5Uk
=ACF  \\$aPrevious Copyright Fee: GBP9.00$c0$e01-jul-2010$fGBP9.00$g0$hC$5Uk
=ACF  \\$aPrevious Copyright Fee: GBP9.00$c0$e01-apr-2010$fGBP9.00$g0$hC$5Uk
=ACF  \\$aPrevious Copyright Fee: GBP9.00$c0$e01-Jan-2010$fGBP9.00$g0$hC$5Uk
=ACF  \\$aPrevious Copyright Fee: GBP6.00$c0$e01-oct-2009$fGBP6.00$g0$hC$5Uk
=ACF  \\$aPrevious Copyright Fee: GBP6.00$c0$e01-jul-2009$fGBP6.00$g0$hC$5Uk
=ACF  \\$aPrevious Copyright Fee: GBP6.00$c0$e01-apr-2009$fGBP6.00$g0$hC$5Uk
=ACF  \\$aPrevious Copyright Fee: GBP6.00$c0$e01-jan-2009$fGBP6.00$g0$hC$5Uk
=ACF  \\$aPrevious Copyright Fee: GBP15.00$c0$e01-oct-2008$fGBP15.00$g0$hC$5Uk
=ACF  \\$aPrevious Copyright Fee: GBP6.00$c0$e01-jul-2008$fGBP6.00$g0$hC$5Uk
=ACF  \\$aPrevious Copyright Fee: GBP6.00$c0$e01-apr-2008$fGBP6.00$g0$hC$5Uk
=ACF  \\$aPrevious Copyright Fee: GBP6.00$c0$e01-jan-2008$fGBP6.00$g0$hC$5Uk
=ACF  \\$aPrevious Copyright Fee: GBP5.00$c0$e01-oct-2007$fGBP5.00$g0$hC$5Uk
=ACF  \\$aPrevious Copyright Fee: GBP5.00$c0$e01-jul-2007$fGBP5.00$g0$hC$5Uk
=ACF  \\$aPrevious Copyright Fee: GBP5.00$c0$e01-apr-2007$fGBP5.00$g0$hC$5Uk
=ACF  \\$aPrevious Copyright Fee: GBP5.00$c0$e01-jan-2007$fGBP5.00$g0$hC$5Uk
=ACF  \\$aPrevious Copyright Fee: GBP5.00$c0$e01-oct-2006$fGBP5.00$g0$hC$5Uk
=ACF  \\$aPrevious Copyright Fee: GBP5.00$c0$e01-jul-2006$fGBP5.00$g0$hC$5Uk
=ACF  \\$aPrevious Copyright Fee: GBP5.00$c0$e01-apr-2006$fGBP5.00$g0$hC$5Uk
=ACF  \\$aPrevious Copyright Fee: GBP5.00$c0$e01-jan-2006$fGBP5.00$g0$hC$5Uk
=ACF  \\$aPrevious Copyright Fee: GBP5.00$c0$e01-oct-2005$fGBP5.00$g0$hC$5Uk
=ACF  \\$aPrevious Copyright Fee: GBP5.00$c0$e01-jul-2005$fGBP5.00$g0$hC$5Uk
=ACF  \\$aPrevious Copyright Fee: GBP5.00$c0$e01-apr-2005$fGBP5.00$g0$hC$5Uk
=ACF  \\$aPrevious Copyright Fee: GBP5.00$c0$e01-jan-2005$fGBP5.00$g0$hC$5Uk
=ACF  \\$aPrevious Copyright Fee: GBP5.00$c0$e01-oct-2004$fGBP5.00$g0$hC$5Uk
=ACF  \\$aPrevious Copyright Fee: GBP12.00$c0$e01-jul-2012$fGBP12.00$g0$hC$5Uk
=ACF  \\$aPrevious Copyright Fee: GBP12.30$c0$e01-jan-2014$fGBP12.30$g0$hC$5Uk
=ACF  \\$aPrevious Copyright Fee: GBP12.00$c0$e01-oct-2012$fGBP12.00$g0$hC$5Uk
=ACF  \\$aPrevious copyright fee: GBP25.00$c1\0$e24-feb-2015$fGBP25.00$g0$hP$5Uk
=ACF  \\$aPrevious copyright fee: GBP26.00$c1\0$e01-jan-2016$fGBP26.00$g0$hP$5Uk
=ACF  \\$aPrevious copyright fee: GBP28.00$c1\0$e01-jan-2017$fGBP28.00$g0$hP$5Uk
=ACF  \\$aPrevious copyright fee: GBP30.00$c1\0$e01-jan-2018$fGBP30.00$g0$hP$5Uk
=ACF  \\$aPrevious copyright fee: GBP32.00$c1\0$e01-jan-2019$fGBP32.00$g0$hP$5Uk
=ACF  \\$aPrevious copyright fee: GBP34.00$c1\0$e01-jan-2020$fGBP34.00$g0$hP$5Uk
=ACF  \\$aPrevious copyright fee: GBP35.00$c1\0$e01-jan-2021$fGBP35.00$g0$hP$5Uk
=CAT  \\$aCONV$b00$c20040425$lBLL90$h0849
=CAT  \\$aBATCH-CLA$b00$c20120831$lBLL01$h1525
=CAT  \\$aIPL-CLA$c20120930$lBLL01$h2037
=CAT  \\$aBATCH-CLA$b00$c20121105$lBLL01$h1747
=CAT  \\$aBATCH-CLA$b00$c20131129$lBLL01$h1641
=CAT  \\$aIPL-CLA$c20131231$lBLL01$h2101
=CAT  \\$a5552$b40$c20150224$lBLL01$h0926
=CAT  \\$aBLDSS-3PM$b00$c20150513$lBLL01$h0806
=CAT  \\$aBATCH-UPD$b00$c20151119$lBLL01$h1520
=CAT  \\$aIPL-CLA$c20151231$lBLL01$h1912
=CAT  \\$aBATCH-UPD$b00$c20160413$lBLL01$h1809
=CAT  \\$aBATCH-UPD$b00$c20161122$lBLL01$h1443
=CAT  \\$aBATCH-UPD$b00$c20161122$lBLL01$h1445
=CAT  \\$aIPL-CLA$c20161230$lBLL01$h1932
=CAT  \\$aBATCH-UPD$b00$c20171121$lBLL01$h1622
=CAT  \\$aIPL-CLA$c20171231$lBLL01$h1503
=CAT  \\$aBATCH-UPD$b00$c20181217$lBLL01$h1628
=CAT  \\$aIPL-CLA$c20181231$lBLL01$h1536
=CAT  \\$aBATCH-UPD$b00$c20191122$lBLL01$h1841
=CAT  \\$aIPL-CLA$c20191231$lBLL01$h1819
=CAT  \\$aBATCH-UPD$b00$c20201118$lBLL01$h1323
=CAT  \\$aIPL-CLA$c20201231$lBLL01$h1523
=CAT  \\$aBATCH-UPD$b00$c20221121$lBLL01$h1318
=CAT  \\$aIPL-CLA$c20221231$lBLL01$h1438
=CAT  \\$aR2308-1440$c20230824$lBLL01$h0926
=CAT  \\$aIPL-CLA$c20230930$lBLL01$h0804
=CFI  0\$aCurrent copyright fee: GBP37.00$c2\0$e01-oct-2023$fGBP37.00$g0$hP$5Uk
=CFI  2\$aPrevious copyright fee: GBP37.00$c1\0$e01-jan-2023$fGBP37.00$g0$hP$5Uk
=FFP  \\$aY$bBLDSS-3PM
=FIN  \\$aY
=FMT  \\$a  SE
=LAS  \\$aIPL-CLA$b00$c20230930$lBLL01$h0804
=LEO  \\$aMP22.0000026231
=LKR  \\$aPAR$b008553235$lBLL01$r78000$mRadical science series$nRadical science
=SRC  \\$aISN01$bbibmp22.200404.2.aa
=TCO  \\$aCLA$bCLA$c008
=TOC  \\$aETOC

