=LDR  06398cas a2201321 a 4500
=001  010362752
=003  Uk
=005  20211231153837.0
=007  ta
=008  950612d19771985enkbr\p\\\\\\\0\\\a0eng\\
=015  \\$aGB7718119$2bnb
=019  y\$aB7718119
=019  9\$ab7718119
=019  0\$as128948019
=022  0\$a0146-5724$202
=040  \\$aUk$cUk$dUk
=042  \\$aissnuk
=050  00$aQC474
=082  04$a541.382$221
=084  \\$aLK 36$2blsrissc
=210  0\$aRadiat. phys. chem.$b(1977)
=222  \0$aRadiation physics and chemistry$b(1977)
=245  00$aRadiation physics and chemistry.
=260  \\$aOxford :$bPergamon,$c1977-1985.
=300  \\$av. :$bill. ;$c25 cm.
=336  \\$atext$2rdacontent
=337  \\$aunmediated$2rdamedia
=338  \\$avolume$2rdacarrier
=362  0\$aVol. 9, no. 1 (1977)-v. 26, no. 6 (1985).
=540  \\$aCurrent copyright fee: GBP34.30$c5\1$5Uk
=650  \0$aRadiation$vPeriodicals.
=776  08$iAlso issued online as:$tRadiation physics and chemistry (1977)$x2588-803X
=780  00$tInternational journal for radiation physics and chemistry$x0020-7055
=785  00$tInternational journal of radiation applications and instrumentation. Part C, Radiation physics and chemistry$x1359-0197
=852  71$aBritish Library$bSTI$k(P)$hLK 36$m-E(4)$2blsrissc$3Vol. 9 (1977)-
=852  49$aBritish Library$bDSC$3See shelfmark 7227.984000 for Vol. 9 (1977)-
=856  \\$31850-9999$uhttp://www.elsevier.com/journals$xBLDSS
=ACF  \\$aPrevious Copyright Fee: GBP21.00$c0$e01-apr-2012$fGBP21.00$g0$hC$5Uk
=ACF  \\$aPrevious Copyright Fee: GBP21.00$c0$e01-jan-2012$fGBP21.00$g0$hC$5Uk
=ACF  \\$aPrevious Copyright Fee: GBP20.00$c0$e01-oct-2011$fGBP20.00$g0$hC$5Uk
=ACF  \\$aPrevious Copyright Fee: GBP20.00$c0$e01-jul-2011$fGBP20.00$g0$hC$5Uk
=ACF  \\$aPrevious Copyright Fee: GBP20.00$c0$e01-apr-2011$fGBP20.00$g0$hC$5Uk
=ACF  \\$aPrevious Copyright Fee: GBP20.00$c0$e01-jan-2011$fGBP20.00$g0$hC$5Uk
=ACF  \\$aPrevious Copyright Fee: GBP20.00$c0$e01-oct-2010$fGBP20.00$g0$hC$5Uk
=ACF  \\$aPrevious Copyright Fee: GBP20.00$c0$e01-jul-2010$fGBP20.00$g0$hC$5Uk
=ACF  \\$aPrevious Copyright Fee: GBP20.00$c0$e01-apr-2010$fGBP20.00$g0$hC$5Uk
=ACF  \\$aPrevious Copyright Fee: GBP20.00$c0$e01-Jan-2010$fGBP20.00$g0$hC$5Uk
=ACF  \\$aPrevious Copyright Fee: GBP20.00$c0$e01-oct-2009$fGBP20.00$g0$hC$5Uk
=ACF  \\$aPrevious Copyright Fee: GBP20.00$c0$e01-jul-2009$fGBP20.00$g0$hC$5Uk
=ACF  \\$aPrevious Copyright Fee: GBP20.00$c0$e01-apr-2009$fGBP20.00$g0$hC$5Uk
=ACF  \\$aPrevious Copyright Fee: GBP20.00$c0$e01-jan-2009$fGBP20.00$g0$hC$5Uk
=ACF  \\$aPrevious Copyright Fee: GBP19.00$c0$e01-oct-2008$fGBP19.00$g0$hC$5Uk
=ACF  \\$aPrevious Copyright Fee: GBP19.00$c0$e01-jul-2008$fGBP19.00$g0$hC$5Uk
=ACF  \\$aPrevious Copyright Fee: GBP19.00$c0$e01-apr-2008$fGBP19.00$g0$hC$5Uk
=ACF  \\$aPrevious Copyright Fee: GBP19.00$c0$e01-jan-2008$fGBP19.00$g0$hC$5Uk
=ACF  \\$aPrevious Copyright Fee: GBP18.00$c0$e01-oct-2007$fGBP18.00$g0$hC$5Uk
=ACF  \\$aPrevious Copyright Fee: GBP18.00$c0$e01-jul-2007$fGBP18.00$g0$hC$5Uk
=ACF  \\$aPrevious Copyright Fee: GBP18.00$c0$e01-apr-2007$fGBP18.00$g0$hC$5Uk
=ACF  \\$aPrevious Copyright Fee: GBP18.00$c0$e01-jan-2007$fGBP18.00$g0$hC$5Uk
=ACF  \\$aPrevious Copyright Fee: GBP18.00$c0$e01-oct-2006$fGBP18.00$g0$hC$5Uk
=ACF  \\$aPrevious Copyright Fee: GBP18.00$c0$e01-jul-2006$fGBP18.00$g0$hC$5Uk
=ACF  \\$aPrevious Copyright Fee: GBP18.00$c0$e01-apr-2006$fGBP18.00$g0$hC$5Uk
=ACF  \\$aPrevious Copyright Fee: GBP18.00$c0$e01-jan-2006$fGBP18.00$g0$hC$5Uk
=ACF  \\$aPrevious Copyright Fee: GBP18.00$c0$e01-oct-2005$fGBP18.00$g0$hC$5Uk
=ACF  \\$aPrevious Copyright Fee: GBP18.00$c0$e01-jul-2005$fGBP18.00$g0$hC$5Uk
=ACF  \\$aPrevious Copyright Fee: GBP18.00$c0$e01-apr-2005$fGBP18.00$g0$hC$5Uk
=ACF  \\$aPrevious Copyright Fee: GBP18.00$c0$e01-jan-2005$fGBP18.00$g0$hC$5Uk
=ACF  \\$aPrevious Copyright Fee: GBP20.00$c0$e01-oct-2004$fGBP20.00$g0$hC$5Uk
=ACF  \\$aPrevious Copyright Fee: GBP21.00$c0$e01-oct-2012$fGBP21.00$g0$hC$5Uk
=ACF  \\$aPrevious Copyright Fee: GBP21.00$c0$e01-jul-2012$fGBP21.00$g0$hC$5Uk
=ACF  \\$aPrevious copyright fee: GBP21.00$c5\1$e11-dec-2012$fGBP21.00$g0$hP$5Uk
=ACF  \\$aPrevious copyright fee: GBP22.50$c5\1$e01-jan-2013$fGBP22.50$g0$hP$5Uk
=ACF  \\$aPrevious copyright fee: GBP23.40$c5\1$e01-jan-2018$fGBP23.40$g0$hP$5Uk
=CAT  \\$aCONV$b00$c20040425$lBLL90$h0543
=CAT  \\$aBATCH-CLA$b00$c20110831$lBLL01$h1751
=CAT  \\$aIPL-CLA$c20110930$lBLL01$h1527
=CAT  \\$aBATCH-CLA$b00$c20111130$lBLL01$h1205
=CAT  \\$aIPL-CLA$c20111230$lBLL01$h1834
=CAT  \\$aBATCH-CLA$b00$c20120229$lBLL01$h1613
=CAT  \\$aIPL-CLA$c20120330$lBLL01$h1413
=CAT  \\$aBATCH-CLA$b00$c20120531$lBLL01$h1715
=CAT  \\$aIPL-CLA$c20120629$lBLL01$h1011
=CAT  \\$aBATCH-CLA$b00$c20120831$lBLL01$h1536
=CAT  \\$aIPL-CLA$c20120930$lBLL01$h2038
=CAT  \\$aBATCH-CLA$b00$c20121105$lBLL01$h1747
=CAT  \\$a5552$b40$c20121211$lBLL01$h1214
=CAT  \\$aIPL-CLA$c20121231$lBLL01$h1256
=CAT  \\$aIPL-CLA$c20130102$lBLL01$h1704
=CAT  \\$aWR14_140$c20140905$lBLL01$h1741
=CAT  \\$aBLDSS-3PM$b00$c20141222$lBLL01$h1711
=CAT  \\$aBATCH-UPD$b00$c20160413$lBLL01$h1809
=CAT  \\$aBATCH-UPD$b00$c20171121$lBLL01$h1740
=CAT  \\$aBATCH-UPD$b00$c20171121$lBLL01$h2252
=CAT  \\$a10806$b40$c20171124$lBLL01$h1644
=CAT  \\$aIPL-CLA$c20171231$lBLL01$h1505
=CAT  \\$aBATCH-UPD$b00$c20190521$lBLL01$h1432
=CAT  \\$aIPL-CLA$c20190630$lBLL01$h1528
=CAT  \\$aBATCH-UPD$b00$c20211119$lBLL01$h1550
=CAT  \\$aIPL-CLA$c20211231$lBLL01$h1538
=CFI  0\$aCurrent copyright fee: GBP34.30$c5\1$e01-jan-2022$fGBP34.30$g0$hP$5Uk
=CFI  2\$aPrevious copyright fee: GBP32.84$c5\1$e01-jul-2019$fGBP32.84$g0$hP$5Uk
=FFP  \\$aY$bBLDSS-3PM
=FIN  \\$aY
=FMT  \\$a  SE
=LAS  \\$aIPL-CLA$b00$c20211231$lBLL01$h1538
=LEO  \\$aMP5.0000486655
=LEO  \\$aMP22.0000007999
=LEO  \\$aMP25.0000031630
=SRC  \\$aBNB03$bbibmp5.200404.2.aa
=SRC  \\$aISN01$bbibmp22.200404.2.aa
=SRC  \\$aSRI01$bbibmp25.200404.2.aa
=TCO  \\$aCLA$bCLA$c008
=TOC  \\$aETOC

