=LDR  07401cas a2201525 a 4500
=001  010364459
=003  Uk
=005  20230712001146.0
=006  aa\\\|||||||||||||
=007  ta
=008  780727d19781978enkqr\p\\\\\\\0\\\a0eng\\
=015  \\$aGB7825936$2bnb
=019  y\$aB7825936
=019  0\$as202337014
=019  9\$ab7825936
=022  0\$a0141-7681$y0007-1242$202
=040  \\$aUk$cUk$dUk
=042  \\$aissnuk
=082  04$a614.4$221
=082  04$a362.10425$219
=084  \\$aHF 00$2blsrissc
=130  0\$aJournal of epidemiology and community health (1978)
=210  0\$aJ. epidemiol. Community health$b(1978)
=222  \0$aJournal of epidemiology and community health$b(1978)
=245  10$aJournal of epidemiology and community health.
=260  \\$aLondon :$bBritish Medical Association,$c1978-1978
=300  \\$a1 v. :$bill. ;$c25 cm.
=336  \\$atext$2rdacontent
=337  \\$aunmediated$2rdamedia
=338  \\$avolume$2rdacarrier
=362  0\$av. 32; 1978.
=540  \\$aCurrent Copyright Fee: GBP46.00$c118\0$5Uk
=595  \\$aFor DSC stock see sys 009546439.
=595  \\$aFor DSC stock see sys 009546439.
=650  \0$aCommunity health services$vPeriodicals.
=650  \0$aMedical care$vPeriodicals.
=653  \\$aCommunity medicine$aSerials
=690  7\$aSocial Welfare$2blcoll
=710  2\$aBritish Medical Association.
=776  08$iAlso issued online as:$tJournal of epidemiology and community health (1978)$x2633-9196
=780  00$tBritish journal of preventive and social medicine$x0007-1242
=785  00$tEpidemiology and community health$x0142-467X
=852  71$aBritish Library$bSTI$k(P)$hHF 00$m-E(3)$2blsrissc$31978-1978
=852  49$aBritish Library$bDSC$3See shelfmark 4979.475000 for vol. 32, 1978
=856  \\$31850-9999$uhttp://www.bmj.com/archive$xBLDSS
=ACF  \\$aPrevious Copyright Fee: GBP19.00$c0$e01-apr-2012$fGBP19.00$g0$hC$5Uk
=ACF  \\$aPrevious Copyright Fee: GBP19.00$c0$e01-jan-2012$fGBP19.00$g0$hC$5Uk
=ACF  \\$aPrevious Copyright Fee: GBP19.00$c0$e01-oct-2011$fGBP19.00$g0$hC$5Uk
=ACF  \\$aPrevious Copyright Fee: GBP19.00$c0$e01-jul-2011$fGBP19.00$g0$hC$5Uk
=ACF  \\$aPrevious Copyright Fee: GBP19.00$c0$e01-apr-2011$fGBP19.00$g0$hC$5Uk
=ACF  \\$aPrevious Copyright Fee: GBP19.00$c0$e01-jan-2011$fGBP19.00$g0$hC$5Uk
=ACF  \\$aPrevious Copyright Fee: GBP19.00$c0$e01-oct-2010$fGBP19.00$g0$hC$5Uk
=ACF  \\$aPrevious Copyright Fee: GBP19.00$c0$e01-jul-2010$fGBP19.00$g0$hC$5Uk
=ACF  \\$aPrevious Copyright Fee: GBP19.00$c0$e01-apr-2010$fGBP19.00$g0$hC$5Uk
=ACF  \\$aPrevious Copyright Fee: GBP16.00$c0$e01-Jan-2010$fGBP16.00$g0$hC$5Uk
=ACF  \\$aPrevious Copyright Fee: GBP16.00$c0$e01-oct-2009$fGBP16.00$g0$hC$5Uk
=ACF  \\$aPrevious Copyright Fee: GBP16.00$c0$e01-jul-2009$fGBP16.00$g0$hC$5Uk
=ACF  \\$aPrevious Copyright Fee: GBP16.00$c0$e01-apr-2009$fGBP16.00$g0$hC$5Uk
=ACF  \\$aPrevious Copyright Fee: GBP16.00$c0$e01-jan-2009$fGBP16.00$g0$hC$5Uk
=ACF  \\$aPrevious Copyright Fee: GBP16.00$c0$e01-oct-2008$fGBP16.00$g0$hC$5Uk
=ACF  \\$aPrevious Copyright Fee: GBP16.00$c0$e01-jul-2008$fGBP16.00$g0$hC$5Uk
=ACF  \\$aPrevious Copyright Fee: GBP16.00$c0$e01-apr-2008$fGBP16.00$g0$hC$5Uk
=ACF  \\$aPrevious Copyright Fee: GBP16.00$c0$e01-jan-2008$fGBP16.00$g0$hC$5Uk
=ACF  \\$aPrevious Copyright Fee: GBP10.00$c0$e01-oct-2007$fGBP10.00$g0$hC$5Uk
=ACF  \\$aPrevious Copyright Fee: GBP10.00$c0$e01-jul-2007$fGBP10.00$g0$hC$5Uk
=ACF  \\$aPrevious Copyright Fee: GBP10.00$c0$e01-apr-2007$fGBP10.00$g0$hC$5Uk
=ACF  \\$aPrevious Copyright Fee: GBP10.00$c0$e01-jan-2007$fGBP10.00$g0$hC$5Uk
=ACF  \\$aPrevious Copyright Fee: GBP10.00$c0$e01-oct-2006$fGBP10.00$g0$hC$5Uk
=ACF  \\$aPrevious Copyright Fee: GBP10.00$c0$e01-jul-2006$fGBP10.00$g0$hC$5Uk
=ACF  \\$aPrevious Copyright Fee: GBP10.00$c0$e01-apr-2006$fGBP10.00$g0$hC$5Uk
=ACF  \\$aPrevious Copyright Fee: GBP10.00$c0$e01-jan-2006$fGBP10.00$g0$hC$5Uk
=ACF  \\$aPrevious Copyright Fee: GBP10.00$c0$e01-oct-2005$fGBP10.00$g0$hC$5Uk
=ACF  \\$aPrevious Copyright Fee: GBP10.00$c0$e01-jul-2005$fGBP10.00$g0$hC$5Uk
=ACF  \\$aPrevious Copyright Fee: GBP10.00$c0$e01-apr-2005$fGBP10.00$g0$hC$5Uk
=ACF  \\$aPrevious Copyright Fee: GBP10.00$c0$e01-jan-2005$fGBP10.00$g0$hC$5Uk
=ACF  \\$aPrevious Copyright Fee: GBP10.00$c0$e01-oct-2004$fGBP10.00$g0$hC$5Uk
=ACF  \\$aPrevious Copyright Fee: GBP19.00$c0$e01-jul-2012$fGBP19.00$g0$hC$5Uk
=ACF  \\$aPrevious Copyright Fee: GBP19.00$c0$e01-oct-2012$fGBP19.00$g0$hC$5Uk
=ACF  \\$aPrevious Copyright Fee: GBP25.00$c0$e01-apr-2014$fGBP25.00$g0$hC$5Uk
=ACF  \\$aPrevious Copyright Fee: GBP28.00$c0$e01-jan-2016$fGBP28.00$g0$hC$5Uk
=ACF  \\$aPrevious Copyright Fee: GBP35.00$c0$e01-jan-2018$fGBP35.00$g0$hC$5Uk
=ACF  \\$aPrevious Copyright Fee: GBP38.50$c0$e01-jan-2020$fGBP38.50$g0$hC$5Uk
=ACF  \\$aPrevious Copyright Fee: GBP41.00$c0$e01-jan-2022$fGBP41.00$g0$hC$5Uk
=CAT  \\$aCONV$b00$c20040425$lBLL90$h0544
=CAT  \\$aIPL-CLA$c20111230$lBLL01$h1835
=CAT  \\$aBATCH-CLA$b00$c20120229$lBLL01$h1620
=CAT  \\$aBATCH-CLA$b00$c20120229$lBLL01$h1638
=CAT  \\$aIPL-CLA$c20120330$lBLL01$h1413
=CAT  \\$aBATCH-CLA$b00$c20120531$lBLL01$h1706
=CAT  \\$aIPL-CLA$c20120629$lBLL01$h1011
=CAT  \\$aBATCH-CLA$b00$c20120831$lBLL01$h1534
=CAT  \\$aIPL-CLA$c20120930$lBLL01$h2038
=CAT  \\$aBATCH-CLA$b00$c20121105$lBLL01$h1747
=CAT  \\$aBATCH-CLA$b00$c20140228$lBLL01$h1610
=CAT  \\$aIPL-CLA$c20140331$lBLL01$h1621
=CAT  \\$aWR14_140$c20140905$lBLL01$h1741
=CAT  \\$aBATCH-CLA$b00$c20151127$lBLL01$h1628
=CAT  \\$aIPL-CLA$c20151231$lBLL01$h1912
=CAT  \\$aBATCH-CLA$b00$c20171130$lBLL01$h1709
=CAT  \\$aIPL-CLA$c20171231$lBLL01$h1505
=CAT  \\$aBATCH-CLA$b00$c20191129$lBLL01$h1615
=CAT  \\$aIPL-CLA$c20191231$lBLL01$h1821
=CAT  \\$a10973$b40$c20200219$lBLL01$h1231
=CAT  \\$aBATCH-CLA$b00$c20211203$lBLL01$h0815
=CAT  \\$aIPL-CLA$c20211231$lBLL01$h1714
=CAT  \\$aBATCH-CLA$b00$c20221130$lBLL01$h1438
=CAT  \\$aIPL-CLA$c20221231$lBLL01$h1940
=CAT  \\$aBATCH-CLA$b00$c20230209$lBLL01$h1525
=CAT  \\$aIPL-CLA$c20230210$lBLL01$h0053
=CAT  \\$a12654$b40$c20230705$lBLL01$h0812
=CAT  \\$a12654$b40$c20230705$lBLL01$h0814
=CAT  \\$aBLDSS-3PM$b00$c20230710$lBLL01$h1200
=CAT  \\$aBATCH-UPD$b00$c20230710$lBLL01$h1201
=CAT  \\$aBATCH-UNOA$c20230712$lBLL01$h0011
=CFI  0\$aCurrent Copyright Fee: GBP46.00$c118\0$e05-jul-2023$fGBP46.00$g0$hP$5Uk
=CFI  2\$aPrevious Copyright Fee: GBP46.00$c0$e09-feb-2023$fGBP46.00$g0$hC$5Uk
=CFI  2\$aBritish Library not licensed to copy$c0$e01-jan-2023$hC$iCFP Excluded$5Uk
=FFP  \\$aY$bBLDSS-3PM
=FIN  \\$aY
=FMT  \\$a  SE
=LAS  \\$aBATCH-UNOA$b00$c20230712$lBLL01$h0011
=LEO  \\$aMP25.0000074645
=LEO  \\$aMP5.0000494436
=LEO  \\$aMP22.0000004927
=LKR  \\$aPAR$b011109827$lBLL01$r78000$mJournal of epidemiology and community health (1978)$nBritish journal of preventive & social medicine
=SRC  \\$aSRI01$bbibmp25.200404.2.aa
=SRC  \\$aBNB03$bbibmp5.200404.2.aa
=SRC  \\$aISN01$bbibmp22.200404.2.aa
=TCO  \\$aCLA$bCLA$c008
=UNO  \\$aY

