=LDR  06117cas a2201237 a 4500
=001  008209021
=003  Uk
=005  20221231143427.0
=007  ta
=008  821130d19721989au\mr\p\\\\\\\0\\\a0eng\\
=019  0\$as20135408x
=022  0\$a0300-9564
=040  \\$aUk$cUk$dUk
=082  04$a612.8$221
=084  \\$aFC 25$2blsrissc
=245  00$aJournal of neural transmission.
=260  \\$aWien :$bSpringer,$c1972-1989.
=300  \\$av. ;$c23-28 cm.
=310  \\$aMonthly
=336  \\$atext$2rdacontent
=337  \\$aunmediated$2rdamedia
=338  \\$avolume$2rdacarrier
=500  \\$aJournal of the International Society for Neurovegetative Research.
=540  \\$aCurrent copyright fee: GBP34.95$c22\1$5Uk
=546  \\$aIn English, German or French.
=580  \\$aSplit into: Journal of neural transmission. Parkinson's disease and dementia section, and: Journal of neural transmission. General section.
=650  \0$aNeural transmission$vPeriodicals.
=710  2\$aInternational Society for Neurovegetative Research.
=780  00$tJournal of neuro-visceral relations$x0022-3026
=785  16$tJournal of neural transmission. Parkinson's disease and dementia section,$x0936-3076
=785  16$tJournal of neural transmission. General section
=852  71$aBritish Library$bSTI$k(P)$hFC 25$m-E(2)$2blsrissc$3Vol. 33, 1972-Vol. 77, 1989
=852  49$aBritish Library$bDSC$3See shelfmark 5021.420000 for VOL. 33, 1972- 77, 1989
=856  \\$31850-9999$uhttp://link.springer.com$xBLDSS
=985  \\$aRecord enhanced by DQ team
=A02  \\$a2094500
=ACF  \\$aPrevious Copyright Fee: GBP22.00$c0$e01-apr-2012$fGBP22.00$g0$hC$5Uk
=ACF  \\$aPrevious Copyright Fee: GBP22.00$c0$e01-jan-2012$fGBP22.00$g0$hC$5Uk
=ACF  \\$aPrevious Copyright Fee: GBP22.00$c0$e01-oct-2011$fGBP22.00$g0$hC$5Uk
=ACF  \\$aPrevious Copyright Fee: GBP22.00$c0$e01-jul-2011$fGBP22.00$g0$hC$5Uk
=ACF  \\$aPrevious Copyright Fee: GBP22.00$c0$e01-apr-2011$fGBP22.00$g0$hC$5Uk
=ACF  \\$aPrevious Copyright Fee: GBP22.00$c0$e01-jan-2011$fGBP22.00$g0$hC$5Uk
=ACF  \\$aPrevious Copyright Fee: GBP22.00$c0$e01-oct-2010$fGBP22.00$g0$hC$5Uk
=ACF  \\$aPrevious Copyright Fee: GBP22.00$c0$e01-jul-2010$fGBP22.00$g0$hC$5Uk
=ACF  \\$aPrevious Copyright Fee: GBP22.00$c0$e01-apr-2010$fGBP22.00$g0$hC$5Uk
=ACF  \\$aPrevious Copyright Fee: GBP22.00$c0$e01-Jan-2010$fGBP22.00$g0$hC$5Uk
=ACF  \\$aPrevious Copyright Fee: GBP22.00$c0$e01-oct-2009$fGBP22.00$g0$hC$5Uk
=ACF  \\$aPrevious Copyright Fee: GBP22.00$c0$e01-jul-2009$fGBP22.00$g0$hC$5Uk
=ACF  \\$aPrevious Copyright Fee: GBP22.00$c0$e01-apr-2009$fGBP22.00$g0$hC$5Uk
=ACF  \\$aPrevious Copyright Fee: GBP16.75$c0$e01-jan-2009$fGBP16.75$g0$hC$5Uk
=ACF  \\$aPrevious Copyright Fee: GBP16.00$c0$e01-oct-2008$fGBP16.00$g0$hC$5Uk
=ACF  \\$aPrevious Copyright Fee: GBP16.75$c0$e01-jul-2008$fGBP16.75$g0$hC$5Uk
=ACF  \\$aPrevious Copyright Fee: GBP16.75$c0$e01-apr-2008$fGBP16.75$g0$hC$5Uk
=ACF  \\$aPrevious Copyright Fee: GBP16.75$c0$e01-jan-2008$fGBP16.75$g0$hC$5Uk
=ACF  \\$aPrevious Copyright Fee: GBP16.75$c0$e01-oct-2007$fGBP16.75$g0$hC$5Uk
=ACF  \\$aPrevious Copyright Fee: GBP16.75$c0$e01-jul-2007$fGBP16.75$g0$hC$5Uk
=ACF  \\$aPrevious Copyright Fee: GBP16.75$c0$e01-apr-2007$fGBP16.75$g0$hC$5Uk
=ACF  \\$aPrevious Copyright Fee: GBP22.00$c0$e01-jul-2012$fGBP22.00$g0$hC$5Uk
=ACF  \\$aPrevious Copyright Fee: GBP29.95$c0$e01-jan-2013$fGBP29.95$g0$hC$5Uk
=ACF  \\$aPrevious Copyright Fee: GBP22.00$c0$e01-oct-2012$fGBP22.00$g0$hC$5Uk
=ACF  \\$aPrevious Copyright Fee: GBP25.77$c23\6$e21-may-2015$fGBP25.77$g0$hP$5Uk
=ACF  \\$aPrevious Copyright Fee: GBP26.63$c23\6$e01-jul-2015$fGBP26.63$g0$hP$5Uk
=ACF  \\$aPrevious copyright fee: GBP25.77$c23\6$e01-oct-2015$fGBP25.77$g0$hP$5Uk
=ACF  \\$aPrevious copyright fee: GBP27.55$c23\6$e01-apr-2016$fGBP27.55$g0$hP$5Uk
=ACF  \\$aPrevious copyright fee: GBP29.59$c23\6$e01-oct-2016$fGBP29.59$g0$hP$5Uk
=ACF  \\$aPrevious copyright fee: GBP31.96$c23\6$e01-apr-2017$fGBP31.96$g0$hP$5Uk
=ACF  \\$aPrevious copyright fee: GBP30.73$c23\6$e01-oct-2017$fGBP30.73$g0$hP$5Uk
=ACF  \\$aPrevious copyright fee: GBP28.54$c23\6$e01-apr-2018$fGBP28.54$g0$hP$5Uk
=ACF  \\$aPrevious copyright fee: GBP34.00$c22\1$e01-jul-2018$fGBP34.00$g0$hP$5Uk
=CAT  \\$aCONV$b00$c20040425$lBLL90$h0852
=CAT  \\$aIPL-CLA$c20130102$lBLL01$h1648
=CAT  \\$a5552$b40$c20150521$lBLL01$h1341
=CAT  \\$aBLDSS-3PM$b00$c20150611$lBLL01$h1743
=CAT  \\$aIPL-CLA$c20150630$lBLL01$h1633
=CAT  \\$aBATCH-UPD$b00$c20150820$lBLL01$h1853
=CAT  \\$aIPL-CLA$c20150930$lBLL01$h1744
=CAT  \\$aBATCH-UPD$b00$c20160217$lBLL01$h1746
=CAT  \\$aIPL-CLA$c20160331$lBLL01$h1701
=CAT  \\$aBATCH-UPD$b00$c20160413$lBLL01$h1803
=CAT  \\$aBATCH-UPD$b00$c20160524$lBLL01$h2207
=CAT  \\$aBATCH-UPD$b00$c20160524$lBLL01$h2351
=CAT  \\$aBATCH-UPD$b00$c20160824$lBLL01$h1813
=CAT  \\$aIPL-CLA$c20160930$lBLL01$h1545
=CAT  \\$aBATCH-UPD$b00$c20170216$lBLL01$h1902
=CAT  \\$aIPL-CLA$c20170331$lBLL01$h1829
=CAT  \\$aBATCH-UPD$b00$c20170904$lBLL01$h1913
=CAT  \\$aIPL-CLA$c20170929$lBLL01$h1711
=CAT  \\$aBATCH-UPD$b00$c20180223$lBLL01$h1745
=CAT  \\$aIPL-CLA$c20180331$lBLL01$h1559
=CAT  \\$aBATCH-UPD$b00$c20180524$lBLL01$h1731
=CAT  \\$aIPL-CLA$c20180630$lBLL01$h1908
=CAT  \\$a5552$b40$c20210819$lBLL01$h0856
=CAT  \\$aIPL-CLA$c20210930$lBLL01$h1525
=CAT  \\$aBATCH-UPD$b00$c20221121$lBLL01$h1410
=CAT  \\$aIPL-CLA$c20221231$lBLL01$h1434
=CFI  0\$aCurrent copyright fee: GBP34.95$c22\1$e01-jan-2023$fGBP34.95$g0$hP$5Uk
=CFI  2\$aPrevious copyright fee: GBP43.00$c22\1$e01-oct-2021$fGBP43.00$g0$hP$5Uk
=FFP  \\$aY$bBLDSS-3PM
=FIN  \\$aY
=FMT  \\$a  SE
=LAS  \\$aIPL-CLA$b00$c20221231$lBLL01$h1434
=LEO  \\$aMP25.0000073973
=SRC  \\$aSRI01$bbibmp25.200404.2.aa
=TCO  \\$aXXX$c008
=TOC  \\$aETOC
=UNO  \\$aY

