=LDR  06763cas a2201393 a 4500
=001  008895785
=003  Uk
=005  20211231153649.0
=007  ta
=008  800603d19701979enkmr\p\\\\\\\0\\\a0eng\\
=015  \\$aGB7029071$2bnb
=019  y\$aB7029071
=019  9\$ab7029071
=019  0\$as244595003
=022  0\$a0013-9327
=030  \\$aENVPAF
=040  \\$aUk$cUk$dUk
=041  0\$aeng$bfre$bger
=082  04$a301.3$218
=130  0\$aEnvironmental pollution (1970)
=210  0\$aEnviron. pollut.$b(1970)
=222  \0$aEnvironmental pollution$b(1970)
=245  10$aEnvironmental pollution.
=260  \\$aBarking :$bApplied Science Publishers,$c1970-1979.
=300  \\$a20 v. ;$c24 cm.
=310  \\$aMonthly
=336  \\$atext$2rdacontent
=337  \\$aunmediated$2rdamedia
=338  \\$avolume$2rdacarrier
=362  0\$aVol. 1, no. 1- (July 1970)- v. 20 (1979).
=540  \\$aCurrent copyright fee: GBP34.30$c5\1$5Uk
=546  \\$aSome articles in French or German.
=650  \0$aPollution$vPeriodicals.
=776  0\$tEnvironmental pollution$c(Online)$x1878-2450
=785  06$tEnvironmental pollution. Series A. Ecological and biological$x0143-1471
=785  06$tEnvironmental pollution. Series B. Chemical and physical$x0143-148X
=852  49$aBritish Library$bDSC$3See shelfmark 3791.539000 for vols. 1, 1970- 20, 1979
=852  71$aBritish Library$bSTI$k(P)$hCE 60$m-E(4)$2blsrissc$3Vol.1, 1970- v.20, 1979
=856  \\$31850-9999$uhttp://www.elsevier.com/journals$xBLDSS
=985  \\$aRecord merged by DQ team
=985  \\$aUpgraded by BSS-generated file for WR2011-1473
=ACF  \\$aPrevious Copyright Fee: GBP21.00$c0$e01-apr-2012$fGBP21.00$g0$hC$5Uk
=ACF  \\$aPrevious Copyright Fee: GBP21.00$c0$e01-jan-2012$fGBP21.00$g0$hC$5Uk
=ACF  \\$aPrevious Copyright Fee: GBP20.00$c0$e01-oct-2011$fGBP20.00$g0$hC$5Uk
=ACF  \\$aPrevious Copyright Fee: GBP20.00$c0$e01-jul-2011$fGBP20.00$g0$hC$5Uk
=ACF  \\$aPrevious Copyright Fee: GBP20.00$c0$e01-apr-2011$fGBP20.00$g0$hC$5Uk
=ACF  \\$aPrevious Copyright Fee: GBP20.00$c0$e01-jan-2011$fGBP20.00$g0$hC$5Uk
=ACF  \\$aPrevious Copyright Fee: GBP20.00$c0$e01-oct-2010$fGBP20.00$g0$hC$5Uk
=ACF  \\$aPrevious Copyright Fee: GBP20.00$c0$e01-jul-2010$fGBP20.00$g0$hC$5Uk
=ACF  \\$aPrevious Copyright Fee: GBP20.00$c0$e01-apr-2010$fGBP20.00$g0$hC$5Uk
=ACF  \\$aPrevious Copyright Fee: GBP20.00$c0$e01-Jan-2010$fGBP20.00$g0$hC$5Uk
=ACF  \\$aPrevious Copyright Fee: GBP20.00$c0$e01-oct-2009$fGBP20.00$g0$hC$5Uk
=ACF  \\$aPrevious Copyright Fee: GBP20.00$c0$e01-jul-2009$fGBP20.00$g0$hC$5Uk
=ACF  \\$aPrevious Copyright Fee: GBP20.00$c0$e01-apr-2009$fGBP20.00$g0$hC$5Uk
=ACF  \\$aPrevious Copyright Fee: GBP20.00$c0$e01-jan-2009$fGBP20.00$g0$hC$5Uk
=ACF  \\$aPrevious Copyright Fee: GBP19.00$c0$e01-oct-2008$fGBP19.00$g0$hC$5Uk
=ACF  \\$aPrevious Copyright Fee: GBP19.00$c0$e01-jul-2008$fGBP19.00$g0$hC$5Uk
=ACF  \\$aPrevious Copyright Fee: GBP19.00$c0$e01-apr-2008$fGBP19.00$g0$hC$5Uk
=ACF  \\$aPrevious Copyright Fee: GBP19.00$c0$e01-jan-2008$fGBP19.00$g0$hC$5Uk
=ACF  \\$aPrevious Copyright Fee: GBP18.00$c0$e01-oct-2007$fGBP18.00$g0$hC$5Uk
=ACF  \\$aPrevious Copyright Fee: GBP18.00$c0$e01-jul-2007$fGBP18.00$g0$hC$5Uk
=ACF  \\$aPrevious Copyright Fee: GBP18.00$c0$e01-apr-2007$fGBP18.00$g0$hC$5Uk
=ACF  \\$aPrevious Copyright Fee: GBP18.00$c0$e01-jan-2007$fGBP18.00$g0$hC$5Uk
=ACF  \\$aPrevious Copyright Fee: GBP18.00$c0$e01-oct-2006$fGBP18.00$g0$hC$5Uk
=ACF  \\$aPrevious Copyright Fee: GBP18.00$c0$e01-jul-2006$fGBP18.00$g0$hC$5Uk
=ACF  \\$aPrevious Copyright Fee: GBP18.00$c0$e01-apr-2006$fGBP18.00$g0$hC$5Uk
=ACF  \\$aPrevious Copyright Fee: GBP18.00$c0$e01-jan-2006$fGBP18.00$g0$hC$5Uk
=ACF  \\$aPrevious Copyright Fee: GBP18.00$c0$e01-oct-2005$fGBP18.00$g0$hC$5Uk
=ACF  \\$aPrevious Copyright Fee: GBP18.00$c0$e01-jul-2005$fGBP18.00$g0$hC$5Uk
=ACF  \\$aPrevious Copyright Fee: GBP18.00$c0$e01-apr-2005$fGBP18.00$g0$hC$5Uk
=ACF  \\$aPrevious Copyright Fee: GBP18.00$c0$e01-jan-2005$fGBP18.00$g0$hC$5Uk
=ACF  \\$aPrevious Copyright Fee: GBP20.00$c0$e01-oct-2004$fGBP20.00$g0$hC$5Uk
=ACF  \\$aPrevious Copyright Fee: GBP21.00$c0$e01-oct-2012$fGBP21.00$g0$hC$5Uk
=ACF  \\$aPrevious Copyright Fee: GBP21.00$c0$e01-jul-2012$fGBP21.00$g0$hC$5Uk
=ACF  \\$aPrevious copyright fee: GBP21.00$c5\1$e13-dec-2012$fGBP21.00$g0$hP$5Uk
=ACF  \\$aPrevious copyright fee: GBP22.50$c5\1$e01-jan-2013$fGBP22.50$g0$hP$5Uk
=ACF  \\$aPrevious copyright fee: GBP23.40$c5\1$e01-jan-2018$fGBP23.40$g0$hP$5Uk
=CAT  \\$aCONV$b00$c20040425$lBLL90$h0853
=CAT  \\$aBATCH-CLA$b00$c20111130$lBLL01$h1210
=CAT  \\$aIPL-CLA$c20111230$lBLL01$h1741
=CAT  \\$aBATCH-CLA$b00$c20120229$lBLL01$h1615
=CAT  \\$aIPL-CLA$c20120330$lBLL01$h1401
=CAT  \\$aBATCH-CLA$b00$c20120531$lBLL01$h1706
=CAT  \\$aIPL-CLA$c20120629$lBLL01$h0957
=CAT  \\$aBATCH-CLA$b00$c20120831$lBLL01$h1541
=CAT  \\$aIPL-CLA$c20120930$lBLL01$h2017
=CAT  \\$aBATCH-CLA$b00$c20121104$lBLL01$h1020
=CAT  \\$a5552$b40$c20121213$lBLL01$h1055
=CAT  \\$aIPL-CLA$c20121231$lBLL01$h1248
=CAT  \\$aIPL-CLA$c20130102$lBLL01$h1651
=CAT  \\$a11313$b40$c20130107$lBLL01$h1029
=CAT  \\$a8874$b40$c20130204$lBLL01$h1117
=CAT  \\$aWR14_140$c20140905$lBLL01$h1730
=CAT  \\$aBLDSS-3PM$b00$c20141222$lBLL01$h1709
=CAT  \\$aBATCH-UPD$b00$c20160413$lBLL01$h1804
=CAT  \\$aBATCH-UPD$b00$c20161026$lBLL01$h1852
=CAT  \\$aBATCH-UPD$b00$c20171121$lBLL01$h1738
=CAT  \\$aIPL-CLA$c20171231$lBLL01$h1420
=CAT  \\$aBATCH-UPD$b00$c20190521$lBLL01$h1431
=CAT  \\$aIPL-CLA$c20190630$lBLL01$h1526
=CAT  \\$aW2011-1473$b00$c20201124$lBLL01$h1832
=CAT  \\$aBATCH-UPD$b00$c20211119$lBLL01$h1549
=CAT  \\$aIPL-CLA$c20211231$lBLL01$h1536
=CFI  0\$aCurrent copyright fee: GBP34.30$c5\1$e01-jan-2022$fGBP34.30$g0$hP$5Uk
=CFI  2\$aPrevious copyright fee: GBP32.84$c5\1$e01-jul-2019$fGBP32.84$g0$hP$5Uk
=FFP  \\$aY$bBLDSS-3PM
=FIN  \\$aY
=FMT  \\$a  SE
=LAS  \\$aIPL-CLA$b00$c20211231$lBLL01$h1536
=LEO  \\$aMP22.0000000688
=LEO  \\$aMP2.0000304382
=LEO  \\$aMP25.0000097119
=LKR  \\$aPAR$b007853784$lBLL01$nEnvironmental pollution. Series A. Ecologica$mEnvironmental pollution$r78506
=LKR  \\$aPAR$b007853785$lBLL01$nEnvironmental pollution. Series B : Chemical$mEnvironmental pollution$r78506
=SRC  \\$aISN01$bbibmp22.200404.2.aa
=SRC  \\$aBNB01$bbibmp2.200404.2.aa
=SRC  \\$aSRI01$bbibmp25.200404.2.aa
=TCO  \\$aCLA$bCLA$c008
=TOC  \\$aETOC

