=LDR  06558cas a2201345 a 4500
=001  009542740
=003  Uk
=005  20211231153732.0
=007  ta
=008  801021d19651981enkmr\p\\\\\\\0\\\a0eng\\
=019  0\$as227688007
=019  x\$a1033870196
=022  0\$a0014-2964
=030  \\$aEJCAAH
=040  \\$aUk$cUk$dUk
=082  04$a616.994$221
=084  \\$aGT 60$2blsrissc
=210  0\$aEur. j. cancer$b(1965)
=222  \0$aEuropean journal of cancer$b(1965)
=245  00$aEuropean journal of cancer.
=246  11$aEuropäische Zeitschrift für Cancerologie
=246  11$aJournal européen de cancerologie
=260  \\$aOxford :$bPergamon,$c1965-1981.
=300  \\$a17 v. :$bill. ;$c30 cm
=310  \\$aMonthly
=336  \\$atext$2rdacontent
=337  \\$aunmediated$2rdamedia
=338  \\$avolume$2rdacarrier
=362  0\$aVol. 1, no. 1 (June 1965)-v. 17, no. 6 (June 1981)
=540  \\$aCurrent copyright fee: GBP34.30$c5\1$5Uk
=650  \0$aCancer$vPeriodicals
=650  \0$aNeoplasms$vPeriodicals
=770  0\$tEuropean journal of cancer. Supplement$x0892-3620
=785  00$tEuropean journal of cancer & clinical oncology$x0277-5379
=852  49$aBritish Library$bDSC$3See shelfmark 3829.725100 for VOL. 1, 1965- 17(6), 1981
=852  71$aBritish Library$bSTI$k(P)$hGT 60$m-E(8)$2blsrissc$3Vol.1 (1965)-vol.17, no.6 (1981)
=856  \\$31850-9999$uhttp://www.elsevier.com/journals$xBLDSS
=985  \\$aISSN responsibility transferred to ISSN Netherlands Centre. Change made globally by ISSN International Centre in connection with Elsevier serials - Jan. 2009.
=985  \\$aRecord merged by DQ team
=ACF  \\$aPrevious Copyright Fee: GBP21.00$c0$e01-apr-2012$fGBP21.00$g0$hC$5Uk
=ACF  \\$aPrevious Copyright Fee: GBP21.00$c0$e01-jan-2012$fGBP21.00$g0$hC$5Uk
=ACF  \\$aPrevious Copyright Fee: GBP20.00$c0$e01-oct-2011$fGBP20.00$g0$hC$5Uk
=ACF  \\$aPrevious Copyright Fee: GBP20.00$c0$e01-jul-2011$fGBP20.00$g0$hC$5Uk
=ACF  \\$aPrevious Copyright Fee: GBP20.00$c0$e01-apr-2011$fGBP20.00$g0$hC$5Uk
=ACF  \\$aPrevious Copyright Fee: GBP20.00$c0$e01-jan-2011$fGBP20.00$g0$hC$5Uk
=ACF  \\$aPrevious Copyright Fee: GBP20.00$c0$e01-oct-2010$fGBP20.00$g0$hC$5Uk
=ACF  \\$aPrevious Copyright Fee: GBP20.00$c0$e01-jul-2010$fGBP20.00$g0$hC$5Uk
=ACF  \\$aPrevious Copyright Fee: GBP20.00$c0$e01-apr-2010$fGBP20.00$g0$hC$5Uk
=ACF  \\$aPrevious Copyright Fee: GBP20.00$c0$e01-Jan-2010$fGBP20.00$g0$hC$5Uk
=ACF  \\$aPrevious Copyright Fee: GBP20.00$c0$e01-oct-2009$fGBP20.00$g0$hC$5Uk
=ACF  \\$aPrevious Copyright Fee: GBP20.00$c0$e01-jul-2009$fGBP20.00$g0$hC$5Uk
=ACF  \\$aPrevious Copyright Fee: GBP20.00$c0$e01-apr-2009$fGBP20.00$g0$hC$5Uk
=ACF  \\$aPrevious Copyright Fee: GBP20.00$c0$e01-jan-2009$fGBP20.00$g0$hC$5Uk
=ACF  \\$aPrevious Copyright Fee: GBP19.00$c0$e01-oct-2008$fGBP19.00$g0$hC$5Uk
=ACF  \\$aPrevious Copyright Fee: GBP19.00$c0$e01-jul-2008$fGBP19.00$g0$hC$5Uk
=ACF  \\$aPrevious Copyright Fee: GBP19.00$c0$e01-apr-2008$fGBP19.00$g0$hC$5Uk
=ACF  \\$aPrevious Copyright Fee: GBP19.00$c0$e01-jan-2008$fGBP19.00$g0$hC$5Uk
=ACF  \\$aPrevious Copyright Fee: GBP18.00$c0$e01-oct-2007$fGBP18.00$g0$hC$5Uk
=ACF  \\$aPrevious Copyright Fee: GBP18.00$c0$e01-jul-2007$fGBP18.00$g0$hC$5Uk
=ACF  \\$aPrevious Copyright Fee: GBP18.00$c0$e01-apr-2007$fGBP18.00$g0$hC$5Uk
=ACF  \\$aPrevious Copyright Fee: GBP18.00$c0$e01-jan-2007$fGBP18.00$g0$hC$5Uk
=ACF  \\$aPrevious Copyright Fee: GBP18.00$c0$e01-oct-2006$fGBP18.00$g0$hC$5Uk
=ACF  \\$aPrevious Copyright Fee: GBP18.00$c0$e01-jul-2006$fGBP18.00$g0$hC$5Uk
=ACF  \\$aPrevious Copyright Fee: GBP18.00$c0$e01-apr-2006$fGBP18.00$g0$hC$5Uk
=ACF  \\$aPrevious Copyright Fee: GBP18.00$c0$e01-jan-2006$fGBP18.00$g0$hC$5Uk
=ACF  \\$aPrevious Copyright Fee: GBP18.00$c0$e01-oct-2005$fGBP18.00$g0$hC$5Uk
=ACF  \\$aPrevious Copyright Fee: GBP18.00$c0$e01-jul-2005$fGBP18.00$g0$hC$5Uk
=ACF  \\$aPrevious Copyright Fee: GBP18.00$c0$e01-apr-2005$fGBP18.00$g0$hC$5Uk
=ACF  \\$aPrevious Copyright Fee: GBP18.00$c0$e01-jan-2005$fGBP18.00$g0$hC$5Uk
=ACF  \\$aPrevious Copyright Fee: GBP20.00$c0$e01-oct-2004$fGBP20.00$g0$hC$5Uk
=ACF  \\$aPrevious Copyright Fee: GBP21.00$c0$e01-oct-2012$fGBP21.00$g0$hC$5Uk
=ACF  \\$aPrevious Copyright Fee: GBP21.00$c0$e01-jul-2012$fGBP21.00$g0$hC$5Uk
=ACF  \\$aPrevious copyright fee: GBP21.00$c5\1$e13-dec-2012$fGBP21.00$g0$hP$5Uk
=ACF  \\$aPrevious copyright fee: GBP22.50$c5\1$e01-jan-2013$fGBP22.50$g0$hP$5Uk
=ACF  \\$aPrevious copyright fee: GBP23.40$c5\1$e01-jan-2018$fGBP23.40$g0$hP$5Uk
=CAT  \\$aCONV$b00$c20040425$lBLL90$h0848
=CAT  \\$aBATCH-CLA$b00$c20110831$lBLL01$h1811
=CAT  \\$aIPL-CLA$c20110930$lBLL01$h1519
=CAT  \\$aBATCH-CLA$b00$c20111130$lBLL01$h1220
=CAT  \\$aIPL-CLA$c20111230$lBLL01$h1805
=CAT  \\$aBATCH-CLA$b00$c20120229$lBLL01$h1633
=CAT  \\$aIPL-CLA$c20120330$lBLL01$h1405
=CAT  \\$aBATCH-CLA$b00$c20120531$lBLL01$h1721
=CAT  \\$aIPL-CLA$c20120629$lBLL01$h1002
=CAT  \\$aBATCH-CLA$b00$c20120831$lBLL01$h1549
=CAT  \\$a8874$b40$c20120905$lBLL01$h1040
=CAT  \\$a8874$b40$c20120905$lBLL01$h1041
=CAT  \\$aIPL-CLA$c20120930$lBLL01$h2023
=CAT  \\$aBATCH-CLA$b00$c20121104$lBLL01$h1004
=CAT  \\$a5552$b40$c20121213$lBLL01$h0908
=CAT  \\$aIPL-CLA$c20121231$lBLL01$h1251
=CAT  \\$aIPL-CLA$c20130102$lBLL01$h1655
=CAT  \\$aBLDSS-3PM$b00$c20141222$lBLL01$h1710
=CAT  \\$aBATCH-UPD$b00$c20160413$lBLL01$h1806
=CAT  \\$aBATCH-UPD$b00$c20171121$lBLL01$h1739
=CAT  \\$aBATCH-UPD$b00$c20171121$lBLL01$h2225
=CAT  \\$aIPL-CLA$c20171231$lBLL01$h1440
=CAT  \\$aBATCH-UPD$b00$c20190521$lBLL01$h1431
=CAT  \\$aIPL-CLA$c20190630$lBLL01$h1527
=CAT  \\$aBATCH-UPD$b00$c20211119$lBLL01$h1549
=CAT  \\$aIPL-CLA$c20211231$lBLL01$h1537
=CFI  0\$aCurrent copyright fee: GBP34.30$c5\1$e01-jan-2022$fGBP34.30$g0$hP$5Uk
=CFI  2\$aPrevious copyright fee: GBP32.84$c5\1$e01-jul-2019$fGBP32.84$g0$hP$5Uk
=FFP  \\$aY$bBLDSS-3PM
=FIN  \\$aY
=FMT  \\$a  SE
=LAS  \\$aIPL-CLA$b00$c20211231$lBLL01$h1537
=LEO  \\$aMP25.0000088433
=LEO  \\$aMP22.0000000705
=LEO  \\$aMP1.0001233768
=SRC  \\$aBLS01$bbibmp1.200404.2.ab
=SRC  \\$aSRI01$bbibmp25.200404.2.aa
=SRC  \\$aISN01$bbibmp22.200404.2.aa
=TCO  \\$aCLA$bCLA$c008
=TOC  \\$aETOC

