=LDR  06087cas a2201201ua 4500
=001  009546133
=003  Uk
=005  20221231143715.0
=007  ta
=008  790829d19791979enkq|2p\\\\\\\0\\\a0eng\\
=022  0\$a0142-467X$202
=040  \\$aUk$cUk$dUk
=042  \\$aissnuk
=084  \\$aHF 00$2blsrissc
=210  0\$aEpidemiol. community health
=222  \0$aEpidemiology and community health
=245  00$aEpidemiology and community health.
=260  \\$aLondon :$bBritish Medical Association.
=336  \\$atext$2rdacontent
=337  \\$aunmediated$2rdamedia
=338  \\$avolume$2rdacarrier
=540  \\$aCurrent copyright fee: GBP46.00$c118\0$5Uk
=595  \\$aFor DSC stock see sys 009546439.
=776  08$iAlso issued online as:$tEpidemiology and community health$x2633-920X
=780  00$tJournal of epidemiology and community health (1978)$x0141-7681
=785  00$tJournal of epidemiology and community health (1979)$x0143-005X
=852  49$aBritish Library$bDSC$3See shelfmark 4979.475000 for 1979
=852  71$aBritish Library$bSTI$k(P)$hHF 00$m-E(3)$2blsrissc$31979-1979
=856  \\$31850-9999$uhttp://www.bmj.com/archive$xBLDSS
=ACF  \\$aPrevious Copyright Fee: GBP19.00$c0$e01-apr-2012$fGBP19.00$g0$hC$5Uk
=ACF  \\$aPrevious Copyright Fee: GBP19.00$c0$e01-jan-2012$fGBP19.00$g0$hC$5Uk
=ACF  \\$aPrevious Copyright Fee: GBP19.00$c0$e01-oct-2011$fGBP19.00$g0$hC$5Uk
=ACF  \\$aPrevious Copyright Fee: GBP19.00$c0$e01-jul-2011$fGBP19.00$g0$hC$5Uk
=ACF  \\$aPrevious Copyright Fee: GBP19.00$c0$e01-apr-2011$fGBP19.00$g0$hC$5Uk
=ACF  \\$aPrevious Copyright Fee: GBP19.00$c0$e01-jan-2011$fGBP19.00$g0$hC$5Uk
=ACF  \\$aPrevious Copyright Fee: GBP19.00$c0$e01-oct-2010$fGBP19.00$g0$hC$5Uk
=ACF  \\$aPrevious Copyright Fee: GBP19.00$c0$e01-jul-2010$fGBP19.00$g0$hC$5Uk
=ACF  \\$aPrevious Copyright Fee: GBP19.00$c0$e01-apr-2010$fGBP19.00$g0$hC$5Uk
=ACF  \\$aPrevious Copyright Fee: GBP16.00$c0$e01-Jan-2010$fGBP16.00$g0$hC$5Uk
=ACF  \\$aPrevious Copyright Fee: GBP16.00$c0$e01-oct-2009$fGBP16.00$g0$hC$5Uk
=ACF  \\$aPrevious Copyright Fee: GBP16.00$c0$e01-jul-2009$fGBP16.00$g0$hC$5Uk
=ACF  \\$aPrevious Copyright Fee: GBP16.00$c0$e01-apr-2009$fGBP16.00$g0$hC$5Uk
=ACF  \\$aPrevious Copyright Fee: GBP16.00$c0$e01-jan-2009$fGBP16.00$g0$hC$5Uk
=ACF  \\$aPrevious Copyright Fee: GBP16.00$c0$e01-oct-2008$fGBP16.00$g0$hC$5Uk
=ACF  \\$aPrevious Copyright Fee: GBP16.00$c0$e01-jul-2008$fGBP16.00$g0$hC$5Uk
=ACF  \\$aPrevious Copyright Fee: GBP16.00$c0$e01-apr-2008$fGBP16.00$g0$hC$5Uk
=ACF  \\$aPrevious Copyright Fee: GBP16.00$c0$e01-jan-2008$fGBP16.00$g0$hC$5Uk
=ACF  \\$aPrevious Copyright Fee: GBP10.00$c0$e01-oct-2007$fGBP10.00$g0$hC$5Uk
=ACF  \\$aPrevious Copyright Fee: GBP10.00$c0$e01-jul-2007$fGBP10.00$g0$hC$5Uk
=ACF  \\$aPrevious Copyright Fee: GBP10.00$c0$e01-apr-2007$fGBP10.00$g0$hC$5Uk
=ACF  \\$aPrevious Copyright Fee: GBP10.00$c0$e01-jan-2007$fGBP10.00$g0$hC$5Uk
=ACF  \\$aPrevious Copyright Fee: GBP10.00$c0$e01-oct-2006$fGBP10.00$g0$hC$5Uk
=ACF  \\$aPrevious Copyright Fee: GBP10.00$c0$e01-jul-2006$fGBP10.00$g0$hC$5Uk
=ACF  \\$aPrevious Copyright Fee: GBP10.00$c0$e01-apr-2006$fGBP10.00$g0$hC$5Uk
=ACF  \\$aPrevious Copyright Fee: GBP10.00$c0$e01-jan-2006$fGBP10.00$g0$hC$5Uk
=ACF  \\$aPrevious Copyright Fee: GBP10.00$c0$e01-oct-2005$fGBP10.00$g0$hC$5Uk
=ACF  \\$aPrevious Copyright Fee: GBP10.00$c0$e01-jul-2005$fGBP10.00$g0$hC$5Uk
=ACF  \\$aPrevious Copyright Fee: GBP10.00$c0$e01-apr-2005$fGBP10.00$g0$hC$5Uk
=ACF  \\$aPrevious Copyright Fee: GBP10.00$c0$e01-jan-2005$fGBP10.00$g0$hC$5Uk
=ACF  \\$aPrevious Copyright Fee: GBP10.00$c0$e01-oct-2004$fGBP10.00$g0$hC$5Uk
=ACF  \\$aPrevious Copyright Fee: GBP19.00$c0$e01-jul-2012$fGBP19.00$g0$hC$5Uk
=ACF  \\$aPrevious Copyright Fee: GBP19.00$c0$e01-oct-2012$fGBP19.00$g0$hC$5Uk
=ACF  \\$aPrevious Copyright Fee: GBP25.00$c0$e01-apr-2014$fGBP25.00$g0$hC$5Uk
=ACF  \\$aPrevious Copyright Fee: GBP28.00$c118\0$e01-jan-2016$fGBP28.00$g0$hP$5Uk
=ACF  \\$aPrevious copyright fee: GBP38.50$c118\0$e01-jan-2020$fGBP38.50$g0$hP$5Uk
=CAT  \\$aCONV$b00$c20040425$lBLL90$h0848
=CAT  \\$aBATCH-CLA$b00$c20120531$lBLL01$h1702
=CAT  \\$aIPL-CLA$c20120629$lBLL01$h1003
=CAT  \\$aBATCH-CLA$b00$c20120831$lBLL01$h1537
=CAT  \\$aIPL-CLA$c20120930$lBLL01$h2025
=CAT  \\$aBATCH-CLA$b00$c20121104$lBLL01$h1004
=CAT  \\$aBATCH-CLA$b00$c20140228$lBLL01$h1610
=CAT  \\$aIPL-CLA$c20140331$lBLL01$h1619
=CAT  \\$aBATCH-CLA$b00$c20151127$lBLL01$h1628
=CAT  \\$a5552$b40$c20151203$lBLL01$h1208
=CAT  \\$aIPL-CLA$c20151231$lBLL01$h1910
=CAT  \\$aBLDSS-3PM$b00$c20160108$lBLL01$h1819
=CAT  \\$aBATCH-UPD$b00$c20160413$lBLL01$h1806
=CAT  \\$aBATCH-UPD$b00$c20171121$lBLL01$h1629
=CAT  \\$aBATCH-UPD$b00$c20171121$lBLL01$h1647
=CAT  \\$aIPL-CLA$c20171231$lBLL01$h1441
=CAT  \\$aBATCH-UPD$b00$c20190708$lBLL01$h1413
=CAT  \\$aIPL-CLA$c20190708$lBLL01$h1438
=CAT  \\$aBATCH-UPD$b00$c20191122$lBLL01$h1849
=CAT  \\$aR1912-1484$c20191223$lBLL01$h0827
=CAT  \\$aIPL-CLA$c20191231$lBLL01$h1801
=CAT  \\$a10973$b40$c20200219$lBLL01$h1238
=CAT  \\$aBATCH-UPD$b40$c20211119$lBLL01$h1515
=CAT  \\$aIPL-CLA$c20211231$lBLL01$h1537
=CAT  \\$aBATCH-UPD$b00$c20221121$lBLL01$h1323
=CAT  \\$aIPL-CLA$c20221231$lBLL01$h1437
=CFI  0\$aCurrent copyright fee: GBP46.00$c118\0$e01-jan-2023$fGBP46.00$g0$hP$5Uk
=CFI  2\$aPrevious copyright fee: GBP41.00$c118\0$e01-jan-2022$fGBP41.00$g0$hP$5Uk
=FFP  \\$aY$bBLDSS-3PM
=FIN  \\$aY
=FMT  \\$a  SE
=LAS  \\$aIPL-CLA$b00$c20221231$lBLL01$h1437
=LEO  \\$aMP22.0000005597
=LKR  \\$aPAR$b010364459$lBLL01$r78000$mEpidemiology and community health$nJournal of epidemiology and community health (1978)
=SRC  \\$aISN01$bbibmp22.200404.2.aa
=TCO  \\$aCLA$bCLA$c008
=TOC  \\$aETOC
=UNO  \\$aY

