=LDR  03988cas a2200985 a 4500
=001  009560728
=003  Uk
=005  20230426110722.0
=007  ta
=008  820714c19769999enkuu\\\\\\\\\0\\\a0eng\\
=019  0\$as284511005
=019  c\$a2201415
=022  0\$a0263-5666$202
=040  \\$aUk$cUk$dUk
=082  04$a591
=084  \\$aFV 00$2blsrissc
=210  0\$aJ. molluscan stud. Suppl.
=222  \0$aJournal of molluscan studies. Supplement
=245  04$aThe journal of molluscan studies.$pSupplement.
=260  \\$aReading :$bAngus Graham Associates,$c1976-
=300  \\$av. ;$c25 cm.
=336  \\$atext$2rdacontent
=337  \\$aunmediated$2rdamedia
=338  \\$avolume$2rdacarrier
=540  \\$aCurrent copyright fee: GBP32.00$c29\0$5Uk
=550  \\$aIssued by: Malacological Society of London.
=650  \0$aProsobranchia$zGreat Britain.
=650  \0$aProsobranchia$zDenmark.
=650  \0$aMollusks.
=710  2\$aMalacological Society of London.
=772  0\$tJournal of molluscan studies$x0260-1230
=852  49$aBritish Library$bDSC$3See shelfmark 5020.820000
=852  71$aBritish Library$bSTI$k(P)$hFV 00$m-E(9)$2blsrissc$31976-1983; No.1-12
=856  \\$31850-9999$uhttp://www.oxfordjournals.org/$xBLDSS
=964  \\$aNO. 1, 1976- *A=1$c592/599$dO$eTL62611
=ACF  \\$aPrevious Copyright Fee: GBP13.00$c0$e01-oct-2008$fGBP13.00$g0$hC$5Uk
=ACF  \\$aPrevious copyright fee: GBP10.50$c0$e01-jan-2011$fGBP10.50$g0$hA$5Uk
=ACF  \\$aPrevious Copyright Fee: GBP12.30$c0$e01-jan-2014$fGBP12.30$g0$hA$5Uk
=ACF  \\$aPrevious copyright fee: GBP12.00$c0$e01-jan-2012$fGBP12.00$g0$hA$5Uk
=ACF  \\$aPrevious copyright fee: GBP24.00$c29\0$e19-nov-2016$fGBP24.00$g0$hP$5Uk
=ACF  \\$aPrevious copyright fee: GBP26.00$c29\0$e01-jan-2017$fGBP26.00$g0$hP$5Uk
=ACF  \\$aPrevious copyright fee: GBP28.00$c29\0$e01-jan-2019$fGBP28.00$g0$hP$5Uk
=ACF  \\$aPrevious copyright fee: GBP27.00$c29\0$e01-jan-2018$fGBP27.00$g0$hP$5Uk
=CAT  \\$aCONV$b00$c20040425$lBLL90$h0854
=CAT  \\$aBATCH$b00$c20081001$lBLL01$h0053
=CAT  \\$a8456$b40$c20081027$lBLL01$h1146
=CAT  \\$aBATCH$b00$c20091209$lBLL01$h0443
=CAT  \\$aBATCH$b00$c20091214$lBLL01$h0526
=CAT  \\$aBATCH-UPD$b00$c20101201$lBLL01$h1224
=CAT  \\$aIPL-CLA$c20101231$lBLL01$h1306
=CAT  \\$aWR11_203$c20111204$lBLL01$h1342
=CAT  \\$aIPL-CLA$c20111230$lBLL01$h1807
=CAT  \\$aBATCH-CLA$b00$c20121104$lBLL01$h1003
=CAT  \\$aBATCH-CLA$c20131217$lBLL01$h1825
=CAT  \\$aIPL-CLA$c20131231$lBLL01$h2019
=CAT  \\$a5552$b40$c20161116$lBLL01$h1216
=CAT  \\$aBATCH-UPD$b40$c20161122$lBLL01$h1520
=CAT  \\$aBLDSS-3PM$b00$c20161123$lBLL01$h1724
=CAT  \\$aBATCH-UPD$b00$c20161123$lBLL01$h1810
=CAT  \\$aIPL-CLA$c20161230$lBLL01$h1908
=CAT  \\$aBATCH-UPD$b00$c20171121$lBLL01$h1702
=CAT  \\$aIPL-CLA$c20171231$lBLL01$h1442
=CAT  \\$aBATCH-UPD$b00$c20181217$lBLL01$h1651
=CAT  \\$aIPL-CLA$c20181231$lBLL01$h1535
=CAT  \\$a12654$b40$c20200115$lBLL01$h0938
=CAT  \\$aBATCH-UPD$b40$c20220308$lBLL01$h1726
=CAT  \\$aIPL-CLA$c20220331$lBLL01$h2147
=CAT  \\$aS2302-1302$c20230322$lBLL01$h1708
=CAT  \\$aBATCH-SUPP$c20230426$lBLL01$h1107
=CFI  0\$aCurrent copyright fee: GBP32.00$c29\0$e01-apr-2022$fGBP32.00$g0$hP$5Uk
=CFI  2\$aPrevious copyright fee: GBP29.00$c29\0$e15-jan-2020$fGBP29.00$g0$hP$5Uk
=FFP  \\$aY$bBLDSS-3PM
=FIN  \\$aY
=FMT  \\$a  SE
=LAS  \\$aBATCH-SUPP$b00$c20230426$lBLL01$h1107
=LEO  \\$aMP22.0000011451
=LEO  \\$aMP25.0000122656
=LEO  \\$aMP10.0000323739
=LKR  \\$aPAR$b008209660$lBLL01$r772$mJournal of molluscan studies. Supplement$nJournal of molluscan studies
=SRC  \\$aISN01$bbibmp22.200404.2.aa
=SRC  \\$aSRI01$bbibmp25.200404.2.aa
=SRC  \\$aDSS03$bbibsr.200404.2.aa
=SRC  \\$aDSS01$bbibmp10.200404.2.aa
=TCO  \\$aCLA$bCLA$c008
=UNO  \\$aY

