=LDR  04855cas a2201081 a 4500
=001  007189590
=003  Uk
=005  20230511162548.0
=008  040409c19929999gw\fr\p\\\\\\\0\\\a0eng\\
=019  c\$a2540259
=022  \\$a0938-0116
=040  \\$aUk$beng$cUk$dUk
=041  0\$aeng$ager
=222  \0$aParagrana$b(Berlin)
=245  00$aParagrana :$binternationale Zeitschrift für historische Anthropologie.
=260  \\$aBerlin :$bAkademie Verlag,$c[1992]-
=264  31$aBerlin :$bWalter de Gruyter GmbH
=300  \\$av. :$bill. (some col.), maps (some col.) ;$c24 cm.
=310  \\$aSemiannual
=336  \\$atext$2rdacontent
=337  \\$aunmediated$2rdamedia
=338  \\$avolume$2rdacarrier
=500  \\$aIssues also have distinctive titles.
=500  \\$aDescription based on: Band 2, Heft 1-2 (1993).
=540  \\$aCurrent Copyright Fee: GBP27.00$c56\0$5Uk
=546  \\$a1992- : Text in German; <2019- >: Chiefly English text, with some German.
=588  \\$aLatest issue consulted: Band 28, Heft 1 (2019).
=595  \\$aSEE ALSO CARD INDEX.
=650  \0$aAnthropology$vPeriodicals.
=710  2\$aFreie Universität Berlin.$bForschungszentrum für Historische Anthropologie.
=852  41$aBritish Library$bHMNTS$3HFT.1/2,1993-
=856  \\$31850-9999$uhttp://www.degruyter.com/$xBLDSS
=945  \\$aParagrana
=963  \\$aVOL. 3(2), 1994 *A=1$bN$cL999.C.3.1296
=979  \\$aBritish Library$bDSC$j6404.815000
=A02  \\$a2540259
=ACF  \\$aPrevious copyright fee: GBP12.00$c0$e01-jan-2012$fGBP12.00$g0$hA$5Uk
=ACF  \\$aPrevious Copyright Fee: GBP8.57$c0$e01-jul-2009$fGBP8.57$g0$hC$5Uk
=ACF  \\$aPrevious Copyright Fee: GBP8.57$c0$e01-apr-2009$fGBP8.57$g0$hC$5Uk
=ACF  \\$aPrevious Copyright Fee: GBP7.50$c0$e01-jan-2009$fGBP7.50$g0$hC$5Uk
=ACF  \\$aPrevious Copyright Fee: GBP6.00$c0$e01-oct-2008$fGBP6.00$g0$hC$5Uk
=ACF  \\$aPrevious Copyright Fee: GBP6.00$c0$e01-jul-2008$fGBP6.00$g0$hC$5Uk
=ACF  \\$aPrevious Copyright Fee: GBP6.00$c0$e01-apr-2008$fGBP6.00$g0$hC$5Uk
=ACF  \\$aPrevious Copyright Fee: GBP6.00$c0$e01-jan-2008$fGBP6.00$g0$hC$5Uk
=ACF  \\$aPrevious Copyright Fee: GBP6.00$c0$e01-oct-2007$fGBP6.00$g0$hC$5Uk
=ACF  \\$aPrevious Copyright Fee: GBP6.00$c0$e01-jul-2007$fGBP6.00$g0$hC$5Uk
=ACF  \\$aPrevious Copyright Fee: GBP6.15$c0$e01-apr-2007$fGBP6.15$g0$hC$5Uk
=ACF  \\$aPrevious Copyright Fee: GBP6.49$c0$e01-jan-2007$fGBP6.49$g0$hC$5Uk
=ACF  \\$aPrevious Copyright Fee: GBP6.49$c0$e01-oct-2006$fGBP6.49$g0$hC$5Uk
=ACF  \\$aPrevious Copyright Fee: GBP6.86$c0$e01-jul-2006$fGBP6.86$g0$hC$5Uk
=ACF  \\$aPrevious Copyright Fee: GBP4.57$c0$e01-apr-2006$fGBP4.57$g0$hC$5Uk
=ACF  \\$aPrevious Copyright Fee: GBP4.44$c0$e01-jan-2006$fGBP4.44$g0$hC$5Uk
=ACF  \\$aPrevious copyright fee: GBP5.00$c0$e01-jul-2002$fGBP5.00$g0$hA$5Uk
=ACF  \\$aCurrent copyright fee: GBP4.40$c0$e01-jul-1998$fGBP4.40$g0$hA$5Uk
=ACF  \\$aCurrent copyright fee: GBP4.20$c0$e01-apr-1997$fGBP4.20$g0$hA$5Uk
=ACF  \\$aPrevious copyright fee: GBP10.50$c0$e01-jan-2011$fGBP10.50$g0$hA$5Uk
=CAT  \\$aCONV$b00$c20040425$lBLL90$h0708
=CAT  \\$aBATCH-CLA$b00$c20090529$lBLL01$h1711
=CAT  \\$aBATCH-UPD$b00$c20090701$lBLL01$h1938
=CAT  \\$aBATCH-UPD$b00$c20090701$lBLL01$h2023
=CAT  \\$aBATCH$b00$c20090701$lBLL01$h2046
=CAT  \\$aBATCH$b00$c20091207$lBLL01$h0414
=CAT  \\$aBATCH$b00$c20091214$lBLL01$h0219
=CAT  \\$aBATCH$b00$c20091216$lBLL01$h0040
=CAT  \\$aBATCH-UPD$b00$c20101201$lBLL01$h1209
=CAT  \\$aIPL-CLA$c20101231$lBLL01$h1154
=CAT  \\$aWR11_203$c20111204$lBLL01$h1254
=CAT  \\$aIPL-CLA$c20111230$lBLL01$h1658
=CAT  \\$aBATCH-CLA$b00$c20121103$lBLL01$h1027
=CAT  \\$aWR13.005$c20130323$lBLL01$h1309
=CAT  \\$aBATCH-CLA$c20131217$lBLL01$h0106
=CAT  \\$aIPL-CLA$c20131231$lBLL01$h1842
=CAT  \\$aBATCH-UPD$b00$c20140301$lBLL01$h0405
=CAT  \\$a5552$b40$c20140314$lBLL01$h1127
=CAT  \\$aBLDSS-3PM$b00$c20150111$lBLL01$h1518
=CAT  \\$a12654$b40$c20150417$lBLL01$h1057
=CAT  \\$aBATCH-UPD$b40$c20160413$lBLL01$h1801
=CAT  \\$aBATCH-UPD$b40$c20160524$lBLL01$h2233
=CAT  \\$aBATCH-UPD$b40$c20160525$lBLL01$h0337
=CAT  \\$a5552$b40$c20170315$lBLL01$h1036
=CAT  \\$a8323$b40$c20190902$lBLL01$h1424
=CAT  \\$aBATCH-FIX$c20230511$lBLL01$h1625
=CFI  0\$aCurrent copyright fee: GBP27.00$c56\0$e14-mar-2014$fGBP27.00$g0$hP$5Uk
=CFI  2\$aPrevious Copyright Fee: GBP12.30$c0$e01-jan-2014$fGBP12.30$g0$hA$5Uk
=FFP  \\$aY$bBLDSS-3PM
=FIN  \\$aY
=FMT  \\$a  SE
=LAS  \\$aBATCH-FIX$b00$c20230511$lBLL01$h1625
=LEO  \\$aMP10.0000431417
=SRC  \\$aDSS01$bbibmp10.200404.2.aa
=TCO  \\$aDEU$bVG WORT$c008
=TOC  \\$aETOC
=UNO  \\$aY

