=LDR  06688cas a2201345 a 4500
=001  007193529
=003  Uk
=005  20230707124212.0
=007  ta
=008  771015d19671994enkmn\p\\\\\\\0\\\a0mul\\
=019  0\$as080253016
=022  0\$a0584-8539$z0038-6987
=040  \\$aUk$cUk$dUk
=082  04$a543.54$222
=084  \\$aKW 76$2blsrissc
=210  0\$aSpectrochim. acta, A Mol. spectrosc.
=222  \0$aSpectrochimica acta. Part A, Molecular spectroscopy
=245  00$aSpectrochimica acta.$nPart A,$pMolecular spectroscopy.
=260  \\$aOxford [etc.] :$bPergamon,$c1967-1994.
=300  \\$a27 v. :$bill. ;$c25 cm.
=310  \\$aFourteen no. a year,$b1993-
=321  \\$aMonthly
=336  \\$atext$2rdacontent
=337  \\$aunmediated$2rdamedia
=338  \\$avolume$2rdacarrier
=362  0\$aVol. 23A (Jan. 1967)-v. 50A, no. 14 (Dec. 1994).
=540  \\$aCurrent copyright fee: GBP34.30$c5\1$5Uk
=546  \\$aEnglish, French, and German, with summaries in English.
=650  \0$aSpectrum analysis$vPeriodicals.
=650  \0$aMolecular spectroscopy$vPeriodicals.
=770  0\$tSpectrochimica acta. Special supplement$x0961-2017
=780  01$tSpectrochimica Acta$x0371-1951
=785  00$tSpectrochimica acta. Part A, Molecular and biomolecular spectroscopy$x1386-1425
=852  49$aBritish Library$bDSC$3See shelfmark 8410.010000 for vol. 23, 1967-
=852  71$aBritish Library$bSTI$k(P)$hKW 76$m-E(2)$2blsrissc$3Vol.23A (1967)-v. 50A (1994)
=856  \\$31850-9999$uhttp://www.elsevier.com/journals$xBLDSS
=968  \\$aC
=985  \\$aRecord merged by DQ team
=985  \\$aISSN UK Centre: UK coding removed from record 7/7/23, Netherlands responsibility in Portal.
=A02  \\$a1400955$z955
=ACF  \\$aPrevious Copyright Fee: GBP21.00$c0$e01-apr-2012$fGBP21.00$g0$hC$5Uk
=ACF  \\$aPrevious Copyright Fee: GBP21.00$c0$e01-jan-2012$fGBP21.00$g0$hC$5Uk
=ACF  \\$aPrevious Copyright Fee: GBP20.00$c0$e01-oct-2011$fGBP20.00$g0$hC$5Uk
=ACF  \\$aPrevious Copyright Fee: GBP20.00$c0$e01-jul-2011$fGBP20.00$g0$hC$5Uk
=ACF  \\$aPrevious Copyright Fee: GBP20.00$c0$e01-apr-2011$fGBP20.00$g0$hC$5Uk
=ACF  \\$aPrevious Copyright Fee: GBP20.00$c0$e01-jan-2011$fGBP20.00$g0$hC$5Uk
=ACF  \\$aPrevious Copyright Fee: GBP20.00$c0$e01-oct-2010$fGBP20.00$g0$hC$5Uk
=ACF  \\$aPrevious Copyright Fee: GBP20.00$c0$e01-jul-2010$fGBP20.00$g0$hC$5Uk
=ACF  \\$aPrevious Copyright Fee: GBP20.00$c0$e01-apr-2010$fGBP20.00$g0$hC$5Uk
=ACF  \\$aPrevious Copyright Fee: GBP20.00$c0$e01-Jan-2010$fGBP20.00$g0$hC$5Uk
=ACF  \\$aPrevious Copyright Fee: GBP20.00$c0$e01-oct-2009$fGBP20.00$g0$hC$5Uk
=ACF  \\$aPrevious Copyright Fee: GBP20.00$c0$e01-jul-2009$fGBP20.00$g0$hC$5Uk
=ACF  \\$aPrevious Copyright Fee: GBP20.00$c0$e01-apr-2009$fGBP20.00$g0$hC$5Uk
=ACF  \\$aPrevious Copyright Fee: GBP20.00$c0$e01-jan-2009$fGBP20.00$g0$hC$5Uk
=ACF  \\$aPrevious Copyright Fee: GBP19.00$c0$e01-oct-2008$fGBP19.00$g0$hC$5Uk
=ACF  \\$aPrevious Copyright Fee: GBP19.00$c0$e01-jul-2008$fGBP19.00$g0$hC$5Uk
=ACF  \\$aPrevious Copyright Fee: GBP19.00$c0$e01-apr-2008$fGBP19.00$g0$hC$5Uk
=ACF  \\$aPrevious Copyright Fee: GBP19.00$c0$e01-jan-2008$fGBP19.00$g0$hC$5Uk
=ACF  \\$aPrevious Copyright Fee: GBP18.00$c0$e01-oct-2007$fGBP18.00$g0$hC$5Uk
=ACF  \\$aPrevious Copyright Fee: GBP18.00$c0$e01-jul-2007$fGBP18.00$g0$hC$5Uk
=ACF  \\$aPrevious Copyright Fee: GBP18.00$c0$e01-apr-2007$fGBP18.00$g0$hC$5Uk
=ACF  \\$aPrevious Copyright Fee: GBP18.00$c0$e01-jan-2007$fGBP18.00$g0$hC$5Uk
=ACF  \\$aPrevious Copyright Fee: GBP18.00$c0$e01-oct-2006$fGBP18.00$g0$hC$5Uk
=ACF  \\$aPrevious Copyright Fee: GBP18.00$c0$e01-jul-2006$fGBP18.00$g0$hC$5Uk
=ACF  \\$aPrevious Copyright Fee: GBP18.00$c0$e01-apr-2006$fGBP18.00$g0$hC$5Uk
=ACF  \\$aPrevious Copyright Fee: GBP18.00$c0$e01-jan-2006$fGBP18.00$g0$hC$5Uk
=ACF  \\$aPrevious Copyright Fee: GBP18.00$c0$e01-oct-2005$fGBP18.00$g0$hC$5Uk
=ACF  \\$aPrevious Copyright Fee: GBP18.00$c0$e01-jul-2005$fGBP18.00$g0$hC$5Uk
=ACF  \\$aPrevious Copyright Fee: GBP18.00$c0$e01-apr-2005$fGBP18.00$g0$hC$5Uk
=ACF  \\$aPrevious Copyright Fee: GBP18.00$c0$e01-jan-2005$fGBP18.00$g0$hC$5Uk
=ACF  \\$aPrevious Copyright Fee: GBP20.00$c0$e01-oct-2004$fGBP20.00$g0$hC$5Uk
=ACF  \\$aPrevious Copyright Fee: GBP21.00$c0$e01-jul-2012$fGBP21.00$g0$hC$5Uk
=ACF  \\$aPrevious Copyright Fee: GBP21.00$c0$e01-oct-2012$fGBP21.00$g0$hC$5Uk
=ACF  \\$aPrevious copyright fee: GBP22.50$c5\1$e01-jan-2013$fGBP22.50$g0$hP$5Uk
=ACF  \\$aPrevious copyright fee: GBP23.40$c5\1$e01-jan-2018$fGBP23.40$g0$hP$5Uk
=CAT  \\$aCONV$b00$c20040425$lBLL90$h0713
=CAT  \\$aBATCH-CLA$b00$c20110531$lBLL01$h1649
=CAT  \\$aIPL-CLA$c20110630$lBLL01$h1506
=CAT  \\$aBATCH-CLA$b00$c20110831$lBLL01$h1809
=CAT  \\$aIPL-CLA$c20110930$lBLL01$h1504
=CAT  \\$aBATCH-CLA$b00$c20111130$lBLL01$h1223
=CAT  \\$aIPL-CLA$c20111230$lBLL01$h1659
=CAT  \\$aBATCH-CLA$b00$c20120229$lBLL01$h1634
=CAT  \\$aIPL-CLA$c20120330$lBLL01$h1350
=CAT  \\$aBATCH-CLA$b00$c20120531$lBLL01$h1721
=CAT  \\$aIPL-CLA$c20120629$lBLL01$h0946
=CAT  \\$aBATCH-CLA$b00$c20120831$lBLL01$h1550
=CAT  \\$aIPL-CLA$c20120930$lBLL01$h1957
=CAT  \\$aBATCH-CLA$b00$c20121103$lBLL01$h1027
=CAT  \\$a5552$b40$c20121219$lBLL01$h1356
=CAT  \\$aIPL-CLA$c20121231$lBLL01$h1242
=CAT  \\$aIPL-CLA$c20130102$lBLL01$h1644
=CAT  \\$aBLDSS-3PM$b00$c20141222$lBLL01$h1708
=CAT  \\$aBATCH-UPD$b00$c20160413$lBLL01$h1801
=CAT  \\$aBATCH-UPD$b00$c20171121$lBLL01$h1737
=CAT  \\$aBATCH-UPD$b00$c20171121$lBLL01$h2158
=CAT  \\$aIPL-CLA$c20171231$lBLL01$h1340
=CAT  \\$aBATCH-UPD$b00$c20190521$lBLL01$h1430
=CAT  \\$aIPL-CLA$c20190630$lBLL01$h1524
=CAT  \\$aBATCH-UPD$b00$c20211119$lBLL01$h1548
=CAT  \\$aIPL-CLA$c20211231$lBLL01$h1535
=CAT  \\$a10973$b40$c20230707$lBLL01$h1242
=CFI  0\$aCurrent copyright fee: GBP34.30$c5\1$e01-jan-2022$fGBP34.30$g0$hP$5Uk
=CFI  2\$aPrevious copyright fee: GBP32.84$c5\1$e01-jul-2019$fGBP32.84$g0$hP$5Uk
=FFP  \\$aY$bBLDSS-3PM
=FMT  \\$a  SE
=LAS  \\$a10973$b40$c20230707$lBLL01$h1242
=LEO  \\$aMP22.0000023879
=LEO  \\$aMP25.0000009882
=LKR  \\$aPAR$b010496558$lBLL01$r78500$mSpectrochimica acta. Part A, Molecular spectroscopy$nSPECTROCHIMICA ACTA PART A.
=SRC  \\$aISN01$bbibmp22.200404.2.aa
=SRC  \\$aSRI01$bbibmp25.200404.2.aa
=SRC  \\$aDSS03$bbibsr.200404.2.aa
=TCO  \\$aCLA$bCLA$c008
=TOC  \\$aETOC

