=LDR  04294cas a22009133  4500
=001  007199823
=003  Uk
=005  20211231153517.0
=008  040416u\\\\\\\\fr\a|||||||||||||||0fre\\
=022  \\$a1637-4088
=245  00$aREVUE SAGE FEMME
=336  \\$atext$2rdacontent
=337  \\$aunmediated$2rdamedia
=338  \\$avolume$2rdacarrier
=362  10$a[2002-]
=540  \\$aCurrent copyright fee: GBP34.30$c5\1$5Uk
=852  41$aBritish Library$bSTI
=856  \\$31850-9999$uhttp://www.sciencedirect.com/$xBLDSS
=945  \\$aREVUE SAGE FEMME.
=979  \\$aBritish Library$bDSC$j7947.510000N
=985  \\$aCorrected by BSS-generated file for WR# 10/166
=A02  \\$a3024185$z0
=ACF  \\$aPrevious Copyright Fee: GBP21.00$c0$e01-apr-2012$fGBP21.00$g0$hC$5Uk
=ACF  \\$aPrevious Copyright Fee: GBP21.00$c0$e01-jan-2012$fGBP21.00$g0$hC$5Uk
=ACF  \\$aPrevious Copyright Fee: GBP20.00$c0$e01-oct-2011$fGBP20.00$g0$hC$5Uk
=ACF  \\$aPrevious Copyright Fee: GBP20.00$c0$e01-jul-2011$fGBP20.00$g0$hC$5Uk
=ACF  \\$aPrevious Copyright Fee: GBP20.00$c0$e01-apr-2011$fGBP20.00$g0$hC$5Uk
=ACF  \\$aPrevious Copyright Fee: GBP20.00$c0$e01-jan-2011$fGBP20.00$g0$hC$5Uk
=ACF  \\$aPrevious Copyright Fee: GBP20.00$c0$e01-oct-2010$fGBP20.00$g0$hC$5Uk
=ACF  \\$aPrevious Copyright Fee: GBP20.00$c0$e01-jul-2010$fGBP20.00$g0$hC$5Uk
=ACF  \\$aPrevious Copyright Fee: GBP20.00$c0$e01-apr-2010$fGBP20.00$g0$hC$5Uk
=ACF  \\$aPrevious Copyright Fee: GBP20.00$c0$e01-Jan-2010$fGBP20.00$g0$hC$5Uk
=ACF  \\$aPrevious Copyright Fee: GBP20.00$c0$e01-oct-2009$fGBP20.00$g0$hC$5Uk
=ACF  \\$aPrevious Copyright Fee: GBP20.00$c0$e01-jul-2009$fGBP20.00$g0$hC$5Uk
=ACF  \\$aPrevious Copyright Fee: GBP20.00$c0$e01-apr-2009$fGBP20.00$g0$hC$5Uk
=ACF  \\$aPrevious Copyright Fee: GBP20.00$c0$e01-jan-2009$fGBP20.00$g0$hC$5Uk
=ACF  \\$aPrevious Copyright Fee: GBP19.00$c0$e01-oct-2008$fGBP19.00$g0$hC$5Uk
=ACF  \\$aPrevious Copyright Fee: GBP19.00$c0$e01-jul-2008$fGBP19.00$g0$hC$5Uk
=ACF  \\$aPrevious Copyright Fee: GBP19.00$c0$e01-apr-2008$fGBP19.00$g0$hC$5Uk
=ACF  \\$aPrevious Copyright Fee: GBP19.00$c0$e01-jan-2008$fGBP19.00$g0$hC$5Uk
=ACF  \\$aPrevious Copyright Fee: GBP21.00$c0$e01-jul-2012$fGBP21.00$g0$hC$5Uk
=ACF  \\$aPrevious Copyright Fee: GBP22.50$c0$e01-jan-2016$fGBP22.50$g0$hC$5Uk
=ACF  \\$aPrevious Copyright Fee: GBP21.00$c0$e01-oct-2012$fGBP21.00$g0$hC$5Uk
=ACF  \\$aPrevious copyright fee: GBP22.50$c5\1$e12-feb-2016$fGBP22.50$g0$hP$5Uk
=ACF  \\$aPrevious copyright fee: GBP23.40$c5\1$e01-jan-2018$fGBP23.40$g0$hP$5Uk
=CAT  \\$aCONV$b00$c20040425$lBLL90$h0713
=CAT  \\$aBATCH-CLA$b00$c20110531$lBLL01$h1644
=CAT  \\$aIPL-CLA$c20110630$lBLL01$h1506
=CAT  \\$aBATCH-CLA$b00$c20110831$lBLL01$h1809
=CAT  \\$aIPL-CLA$c20110930$lBLL01$h1504
=CAT  \\$aBATCH-CLA$b00$c20111130$lBLL01$h1223
=CAT  \\$aIPL-CLA$c20111230$lBLL01$h1659
=CAT  \\$aBATCH-CLA$b00$c20120229$lBLL01$h1632
=CAT  \\$aIPL-CLA$c20120330$lBLL01$h1351
=CAT  \\$aBATCH-CLA$b00$c20120531$lBLL01$h1722
=CAT  \\$aIPL-CLA$c20120629$lBLL01$h0947
=CAT  \\$aBATCH-CLA$b00$c20120831$lBLL01$h1548
=CAT  \\$aIPL-CLA$c20120930$lBLL01$h1958
=CAT  \\$aBATCH-CLA$b00$c20121103$lBLL01$h1026
=CAT  \\$aBATCH-CLA$b00$c20151127$lBLL01$h1630
=CAT  \\$aIPL-CLA$c20151231$lBLL01$h1904
=CAT  \\$a5552$b40$c20160212$lBLL01$h1356
=CAT  \\$aBLDSS-3PM$b00$c20160215$lBLL01$h1032
=CAT  \\$aBATCH-UPD$b00$c20160413$lBLL01$h1801
=CAT  \\$a5552$b40$c20170223$lBLL01$h0841
=CAT  \\$aBATCH-UPD$b40$c20171121$lBLL01$h1737
=CAT  \\$aIPL-CLA$c20171231$lBLL01$h1340
=CAT  \\$aBATCH-UPD$b00$c20190521$lBLL01$h1430
=CAT  \\$aIPL-CLA$c20190630$lBLL01$h1524
=CAT  \\$aBATCH-UPD$b00$c20211119$lBLL01$h1548
=CAT  \\$aIPL-CLA$c20211231$lBLL01$h1535
=CFI  0\$aCurrent copyright fee: GBP34.30$c5\1$e01-jan-2022$fGBP34.30$g0$hP$5Uk
=CFI  2\$aPrevious copyright fee: GBP32.84$c5\1$e01-jul-2019$fGBP32.84$g0$hP$5Uk
=FFP  \\$aY$bBLDSS-3PM
=FMT  \\$a  SE
=LAS  \\$aIPL-CLA$b00$c20211231$lBLL01$h1535
=SRC  \\$aDSS03$bbibsr.200404.2.aa
=TCO  \\$aFRA$bCFC$c008
=TOC  \\$aETOC

