=LDR  07248cas a22013097a 4500
=001  007527783
=003  Uk
=005  20220930154633.0
=007  ta
=008  790116c19789999xxuqr\p\\\\\\\0\\\a0eng\\
=019  0\$as156814005
=022  0\$a0161-8458
=040  \\$aUk$cUk$dUk
=082  04$a620.0042$221
=084  \\$aSW 40$2blsrissc
=222  \0$aJournal of mechanical design$b(1978)
=245  00$aTransactions of the ASME.$pJournal of mechanical design.
=246  30$aJournal of mechanical design
=260  \\$aNew York :$bASME,$c1978-1982
=300  \\$c29cm.
=310  \\$aQuarterly
=336  \\$atext$2rdacontent
=337  \\$aunmediated$2rdamedia
=338  \\$avolume$2rdacarrier
=515  \\$aVolume numbering matches that of other series of the Transactions.
=540  \\$aCurrent copyright fee: GBP25.00$c123\0$5Uk
=580  \\$aPartly continued as "American Society of Mechanical Engineers. Transactions ... Journal of vibration, acoustics, stress and reliability in design", q.v.
=580  \\$aVol.105-111, 1983-89 entitled "American Society of Mechanical Engineers. Transactions ... Journal of Mechanisms, transmissions, and automation in design", q.v.
=595  \\$aSee 8896.980000 for stock 1978-1982; Contd. as 8896.985 and 8897.08 vol. 105, 1983-; see also Serial Records KCS/SE.
=710  2\$aAmerican Society of Mechanical Engineers.
=785  01$tJournal of vibration, acoustics, stress, and reliability in design$x0739-3717
=785  01$tJournal of mechanisms, transmissions, and automation in design$x0738-0666
=852  71$aBritish Library$bSTI$k(P)$hSW 40$m-E(13)$2blsrissc$3Vol. 100, no. 4 (1978)-v. 104 (1982)***Incomplete stock, please check at shelf
=852  49$aBritish Library$bDSC$3See 8896.980000 for Vol. 100 (1978)-Vol. 104 (1982)
=856  \\$31850-9999$uhttps://www.asme.org/$xBLDSS
=ACF  \\$aPrevious Copyright Fee: GBP20.65$c0$e01-apr-2012$fGBP20.65$g0$hC$5Uk
=ACF  \\$aPrevious Copyright Fee: GBP19.20$c0$e01-jan-2012$fGBP19.20$g0$hC$5Uk
=ACF  \\$aPrevious Copyright Fee: GBP19.20$c0$e01-oct-2011$fGBP19.20$g0$hC$5Uk
=ACF  \\$aPrevious Copyright Fee: GBP19.20$c0$e01-jul-2011$fGBP19.20$g0$hC$5Uk
=ACF  \\$aPrevious Copyright Fee: GBP19.20$c0$e01-jan-2011$fGBP19.20$g0$hC$5Uk
=ACF  \\$aPrevious Copyright Fee: GBP19.20$c0$e01-oct-2010$fGBP19.20$g0$hC$5Uk
=ACF  \\$aPrevious Copyright Fee: GBP19.20$c0$e01-jul-2010$fGBP19.20$g0$hC$5Uk
=ACF  \\$aPrevious Copyright Fee: GBP19.20$c0$e01-apr-2010$fGBP19.20$g0$hC$5Uk
=ACF  \\$aPrevious Copyright Fee: GBP19.20$c0$e01-Jan-2010$fGBP19.20$g0$hC$5Uk
=ACF  \\$aPrevious Copyright Fee: GBP19.20$c0$e01-oct-2009$fGBP19.20$g0$hC$5Uk
=ACF  \\$aPrevious Copyright Fee: GBP22.86$c0$e01-jul-2009$fGBP22.86$g0$hC$5Uk
=ACF  \\$aPrevious Copyright Fee: GBP22.86$c0$e01-apr-2009$fGBP22.86$g0$hC$5Uk
=ACF  \\$aPrevious Copyright Fee: GBP20.00$c0$e01-jan-2009$fGBP20.00$g0$hC$5Uk
=ACF  \\$aPrevious Copyright Fee: GBP16.00$c0$e01-oct-2008$fGBP16.00$g0$hC$5Uk
=ACF  \\$aPrevious Copyright Fee: GBP16.00$c0$e01-jul-2008$fGBP16.00$g0$hC$5Uk
=ACF  \\$aPrevious Copyright Fee: GBP16.00$c0$e01-apr-2008$fGBP16.00$g0$hC$5Uk
=ACF  \\$aPrevious Copyright Fee: GBP16.00$c0$e01-jan-2008$fGBP16.00$g0$hC$5Uk
=ACF  \\$aPrevious Copyright Fee: GBP16.00$c0$e01-oct-2007$fGBP16.00$g0$hC$5Uk
=ACF  \\$aPrevious Copyright Fee: GBP19.39$c0$e01-jul-2012$fGBP19.39$g0$hC$5Uk
=ACF  \\$aPrevious Copyright Fee: GBP20.65$c0$e01-oct-2012$fGBP20.65$g0$hC$5Uk
=ACF  \\$aPrevious Copyright Fee: GBP20.00$c0$e01-jan-2013$fGBP20.00$g0$hC$5Uk
=ACF  \\$aPrevious Copyright Fee: GBP20.65$c0$e01-jul-2013$fGBP20.65$g0$hC$5Uk
=ACF  \\$aPrevious Copyright Fee: GBP19.20$c0$e01-oct-2013$fGBP19.20$g0$hC$5Uk
=ACF  \\$aPrevious Copyright Fee: GBP20.00$c0$e01-jan-2014$fGBP20.00$g0$hC$5Uk
=ACF  \\$aPrevious Copyright Fee: GBP19.39$c0$e01-jul-2014$fGBP19.39$g0$hC$5Uk
=ACF  \\$aPrevious Copyright Fee: GBP21.33$c0$e01-apr-2015$fGBP21.33$g0$hC$5Uk
=ACF  \\$aPrevious Copyright Fee: GBP20.65$c0$e01-oct-2015$fGBP20.65$g0$hC$5Uk
=ACF  \\$aPrevious Copyright Fee: GBP22.07$c0$e01-apr-2016$fGBP22.07$g0$hC$5Uk
=ACF  \\$aPrevious Copyright Fee: GBP22.22$c0$e01-jan-2017$fGBP22.22$g0$hC$5Uk
=ACF  \\$aPrevious Copyright Fee: GBP23.70$c0$e01-oct-2016$fGBP23.70$g0$hC$5Uk
=ACF  \\$aPrevious Copyright Fee: GBP24.00$c123\0$e07-mar-2017$fGBP24.00$g0$hP$5Uk
=ACF  \\$aPrevious copyright fee: GBP23.08$c123\0$e01-oct-2017$fGBP23.08$g0$hP$5Uk
=ACF  \\$aPrevious copyright fee: GBP21.43$c123\0$e01-apr-2018$fGBP21.43$g0$hP$5Uk
=ACF  \\$aPrevious copyright fee: GBP23.08$c123\0$e01-oct-2018$fGBP23.08$g0$hP$5Uk
=ACF  \\$aPrevious copyright fee: GBP24.00$c123\0$e01-oct-2019$fGBP24.00$g0$hP$5Uk
=ACF  \\$aPrevious copyright fee: GBP23.08$c123\0$e01-apr-2020$fGBP23.08$g0$hP$5Uk
=ACF  \\$aPrevious copyright fee: GBP24.00$c123\0$e01-jul-2020$fGBP24.00$g0$hP$5Uk
=ACF  \\$aPrevious copyright fee: GBP22.22$c123\0$e01-apr-2021$fGBP22.22$g0$hP$5Uk
=ACF  \\$aPrevious copyright fee: GBP21.43$c123\0$e07-jul-2021$fGBP21.43$g0$hP$5Uk
=CAT  \\$aCONV$b00$c20040425$lBLL90$h0852
=CAT  \\$aBATCH-CLA$b00$c20170228$lBLL01$h1627
=CAT  \\$a5552$b40$c20170307$lBLL01$h1200
=CAT  \\$a5552$b40$c20170313$lBLL01$h1148
=CAT  \\$aBLDSS-3PM$b00$c20170315$lBLL01$h1704
=CAT  \\$aBATCH-UPD$b00$c20170315$lBLL01$h1707
=CAT  \\$aBATCH-UPD$b00$c20170904$lBLL01$h1758
=CAT  \\$aIPL-CLA$c20170929$lBLL01$h1709
=CAT  \\$aBATCH-UPD$b00$c20180223$lBLL01$h1607
=CAT  \\$aIPL-CLA$c20180331$lBLL01$h1557
=CAT  \\$aBATCH-UPD$b00$c20180823$lBLL01$h1918
=CAT  \\$aIPL-CLA$c20180930$lBLL01$h1451
=CAT  \\$aBATCH-UPD$b00$c20190829$lBLL01$h1502
=CAT  \\$aIPL-CLA$c20190930$lBLL01$h1627
=CAT  \\$aBATCH-UPD$b00$c20200219$lBLL01$h1446
=CAT  \\$aIPL-CLA$c20200331$lBLL01$h1603
=CAT  \\$aBATCH-UPD$b00$c20200522$lBLL01$h1435
=CAT  \\$aIPL-CLA$c20200701$lBLL01$h0044
=CAT  \\$aBATCH-UPD$b00$c20210226$lBLL01$h1016
=CAT  \\$aIPL-CLA$c20210331$lBLL01$h1833
=CAT  \\$aBATCH-UPD$b00$c20210707$lBLL01$h1541
=CAT  \\$aIPL-CLA$c20210707$lBLL01$h1954
=CAT  \\$aBATCH-UPD$b00$c20220520$lBLL01$h1614
=CAT  \\$aIPL-CLA$c20220630$lBLL01$h1657
=CAT  \\$aBATCH-UPD$b00$c20220824$lBLL01$h0843
=CAT  \\$aIPL-CLA$c20220930$lBLL01$h1546
=CFI  0\$aCurrent copyright fee: GBP25.00$c123\0$e01-oct-2022$fGBP25.00$g0$hP$5Uk
=CFI  2\$aPrevious copyright fee: GBP24.00$c123\0$e01-jul-2022$fGBP24.00$g0$hP$5Uk
=FFP  \\$aY$bBLDSS-3PM
=FIN  \\$aY
=FMT  \\$a  SE
=LAS  \\$aIPL-CLA$b00$c20220930$lBLL01$h1546
=LEO  \\$aMP25.0000057689
=LKR  \\$aPAR$b011140459$lBLL01$r78501$mJournal of mechanical design (1978)$nJournal of vibration, acoustics, stress, and reliability in design
=LKR  \\$aPAR$b011140453$lBLL01$r78501$mJournal of mechanical design (1978)$nTRANSACTIONS- AMERICAN SOCIETY OF MECHANICAL ENGINEERS JOURNAL OF MECHANISMS TRANSMISSIONS AND AUTOMATION IN DESIGN.
=SRC  \\$aSRI01$bbibmp25.200404.2.aa
=TCO  \\$aTRS$bCCC$c008
=UNO  \\$aY

