=LDR  07182cas a2201477 a 4500
=001  007739046
=003  Uk
=005  20230511162556.0
=007  ta
=008  760423d19721999enkmr\p\\\\\\\0\\\a0eng\\
=015  \\$aGB8949890$2bnb
=019  y\$ab8949890
=019  9\$ab8949890
=019  0\$as002726068
=022  0\$a0300-9580$202
=039  0\$a2057
=040  \\$aUk$cUk$dUk
=042  \\$aissnuk
=050  00$aQD476
=082  04$a547.13$219
=084  \\$aKT 20$2blsrissc
=210  0\$aJ. Chem. Soc., Perkin trans. II$b(Print)
=222  \0$aJournal of the Chemical Society. Perkin transactions II$b(Print)
=245  00$aJournal of the Chemical Society.$pPerkin transactions II.
=246  30$aPerkin transactions II
=246  1\$iIssues for 1996-1999 have title:$aJournal of the Chemical Society.$pPerkin transactions.$n2,$pPhysical organic chemistry
=246  30$aJournal of the Chemical Society.$pPerkin transactions 2
=246  30$aPhysical organic chemistry
=260  \\$aLondon :$bRoyal Society of Chemistry,$c1972-1999.
=300  \\$a28 v. :$bill. ;$c28 cm.
=310  \\$aMonthly,$b1978-1999
=321  \\$aFifteen no. a year$b<Jan. 1974- >
=336  \\$atext$2rdacontent
=337  \\$aunmediated$2rdamedia
=338  \\$avolume$2rdacarrier
=362  0\$a1972, 1-1999, no. 12.
=515  \\$aIssue numbers begin each year with 1.
=540  \\$aCurrent Copyright Fee: GBP46.75$c6\1$5Uk
=580  \\$aMerged with part of: Acta chemica Scandinavica (Copenhagen, Denmark : 1989), to form: Perkin 2.
=650  \0$aPhysical organic chemistry$vPeriodicals.
=710  2\$aChemical Society (Great Britain)
=710  2\$aRoyal Society of Chemistry (Great Britain)
=776  0\$tJournal of the Chemical Society. Perkin transactions 2$c(Online)$x2050-8239
=780  00$tJournal of the Chemical Society. B. Physical organic$x0045-6470
=785  17$tActa chemica Scandinavica (Copenhagen, Denmark : 1989)$x0904-213X
=785  17$tPerkin 2$x1470-1820
=852  71$aBritish Library$bSTI$k(P)$hKT 20$m-E(3)$2blsrissc$31972-1999; 1972-99.
=852  49$aBritish Library$bDSC$3See shelfmark 4729.110000 for vols. 1972- 1999
=856  \\$31850-9999$uhttp://www.rsc.org/$xBLDSS
=945  \\$aJOURNAL- CHEMICAL SOCIETY PERKIN TRANSACTIONS 2
=979  \\$aBritish Library$bDSC$j4729.11000
=ACF  \\$aPrevious Copyright Fee: GBP27.00$c0$e01-oct-2012$fGBP27.00$g0$hC$5Uk
=ACF  \\$aPrevious Copyright Fee: GBP27.00$c0$e01-apr-2012$fGBP27.00$g0$hC$5Uk
=ACF  \\$aPrevious Copyright Fee: GBP27.00$c0$e01-jan-2012$fGBP27.00$g0$hC$5Uk
=ACF  \\$aPrevious Copyright Fee: GBP27.00$c0$e01-oct-2011$fGBP27.00$g0$hC$5Uk
=ACF  \\$aPrevious Copyright Fee: GBP27.00$c0$e01-jul-2011$fGBP27.00$g0$hC$5Uk
=ACF  \\$aPrevious Copyright Fee: GBP27.00$c0$e01-apr-2011$fGBP27.00$g0$hC$5Uk
=ACF  \\$aPrevious Copyright Fee: GBP27.00$c0$e01-jan-2011$fGBP27.00$g0$hC$5Uk
=ACF  \\$aPrevious Copyright Fee: GBP27.00$c0$e01-oct-2010$fGBP27.00$g0$hC$5Uk
=ACF  \\$aPrevious Copyright Fee: GBP27.00$c0$e01-jul-2010$fGBP27.00$g0$hC$5Uk
=ACF  \\$aPrevious Copyright Fee: GBP27.00$c0$e01-apr-2010$fGBP27.00$g0$hC$5Uk
=ACF  \\$aPrevious Copyright Fee: GBP27.00$c0$e01-Jan-2010$fGBP27.00$g0$hC$5Uk
=ACF  \\$aPrevious Copyright Fee: GBP27.00$c0$e01-oct-2009$fGBP27.00$g0$hC$5Uk
=ACF  \\$aPrevious Copyright Fee: GBP27.00$c0$e01-jul-2009$fGBP27.00$g0$hC$5Uk
=ACF  \\$aPrevious Copyright Fee: GBP27.00$c0$e01-apr-2009$fGBP27.00$g0$hC$5Uk
=ACF  \\$aPrevious Copyright Fee: GBP27.00$c0$e01-jan-2009$fGBP27.00$g0$hC$5Uk
=ACF  \\$aBritish Library not licensed to copy$c0$e01-oct-2008$hC$iCLA Excluded$5Uk
=ACF  \\$aPrevious Copyright Fee: GBP24.00$c0$e01-jul-2008$fGBP24.00$g0$hC$5Uk
=ACF  \\$aPrevious Copyright Fee: GBP24.00$c0$e01-apr-2008$fGBP24.00$g0$hC$5Uk
=ACF  \\$aPrevious Copyright Fee: GBP24.00$c0$e01-jan-2008$fGBP24.00$g0$hC$5Uk
=ACF  \\$aPrevious Copyright Fee: GBP22.00$c0$e01-oct-2007$fGBP22.00$g0$hC$5Uk
=ACF  \\$aPrevious Copyright Fee: GBP22.00$c0$e01-jul-2007$fGBP22.00$g0$hC$5Uk
=ACF  \\$aPrevious Copyright Fee: GBP22.00$c0$e01-apr-2007$fGBP22.00$g0$hC$5Uk
=ACF  \\$aPrevious Copyright Fee: GBP22.00$c0$e01-jan-2007$fGBP22.00$g0$hC$5Uk
=ACF  \\$aPrevious Copyright Fee: GBP22.00$c0$e01-oct-2006$fGBP22.00$g0$hC$5Uk
=ACF  \\$aPrevious Copyright Fee: GBP22.00$c0$e01-jul-2006$fGBP22.00$g0$hC$5Uk
=ACF  \\$aPrevious Copyright Fee: GBP22.00$c0$e01-apr-2006$fGBP22.00$g0$hC$5Uk
=ACF  \\$aPrevious Copyright Fee: GBP22.00$c0$e01-jan-2006$fGBP22.00$g0$hC$5Uk
=ACF  \\$aPrevious Copyright Fee: GBP20.00$c0$e01-oct-2005$fGBP20.00$g0$hC$5Uk
=ACF  \\$aPrevious Copyright Fee: GBP20.00$c0$e01-jul-2005$fGBP20.00$g0$hC$5Uk
=ACF  \\$aPrevious Copyright Fee: GBP20.00$c0$e01-apr-2005$fGBP20.00$g0$hC$5Uk
=ACF  \\$aPrevious Copyright Fee: GBP20.00$c0$e01-jan-2005$fGBP20.00$g0$hC$5Uk
=ACF  \\$aPrevious Copyright Fee: GBP10.00$c0$e01-oct-2004$fGBP10.00$g0$hC$5Uk
=ACF  \\$aPrevious Copyright Fee: GBP27.00$c0$e01-jul-2012$fGBP27.00$g0$hC$5Uk
=CAT  \\$aCONV$b00$c20040425$lBLL90$h0554
=CAT  \\$aBATCH-CLA$b00$c20101115$lBLL01$h1556
=CAT  \\$aIPL-CLA$c20101231$lBLL01$h1200
=CAT  \\$aBATCH-CLA$b00$c20110228$lBLL01$h1533
=CAT  \\$aIPL-CLA$c20110331$lBLL01$h1428
=CAT  \\$aBATCH-CLA$b00$c20110531$lBLL01$h1634
=CAT  \\$aIPL-CLA$c20110630$lBLL01$h1509
=CAT  \\$aBATCH-CLA$b00$c20110831$lBLL01$h1743
=CAT  \\$aIPL-CLA$c20110930$lBLL01$h1507
=CAT  \\$aBATCH-CLA$b00$c20111130$lBLL01$h1200
=CAT  \\$aIPL-CLA$c20111230$lBLL01$h1704
=CAT  \\$aBATCH-CLA$b00$c20120229$lBLL01$h1609
=CAT  \\$aIPL-CLA$c20120330$lBLL01$h1354
=CAT  \\$aBATCH-CLA$b00$c20120531$lBLL01$h1715
=CAT  \\$aIPL-CLA$c20120629$lBLL01$h0950
=CAT  \\$a11316$b40$c20120713$lBLL01$h1120
=CAT  \\$aBATCH-CLA$b00$c20120831$lBLL01$h1539
=CAT  \\$aIPL-CLA$c20120930$lBLL01$h2003
=CAT  \\$aBATCH-CLA$b00$c20121103$lBLL01$h1023
=CAT  \\$aBATCH-CLA$b00$c20130228$lBLL01$h1704
=CAT  \\$aIPL-CLA$c20130331$lBLL01$h1041
=CAT  \\$a540_fix$c20130403$lBLL01$h2003
=CAT  \\$aWR14_140$c20140905$lBLL01$h1722
=CAT  \\$a5552$b40$c20190221$lBLL01$h1332
=CAT  \\$aBLDSS-3PM$b00$c20190227$lBLL01$h1406
=CAT  \\$aBATCH-UPD$b00$c20190227$lBLL01$h1407
=CAT  \\$aBATCH-FIX$c20230511$lBLL01$h1625
=CFI  0\$aCurrent copyright fee: GBP46.75$c6\1$e21-feb-2019$fGBP46.75$g0$hP$5Uk
=CFI  2\$aPrevious Copyright Fee: GBP36.00$c0$e01-apr-2013$fGBP36.00$g0$hC$5Uk
=FFP  \\$aY$bBLDSS-3PM
=FIN  \\$aY
=FMT  \\$a  SE
=LAS  \\$aBATCH-FIX$b00$c20230511$lBLL01$h1625
=LEO  \\$aMP25.0000000274
=LEO  \\$aMP5.0000780757
=LEO  \\$aMP22.0000017666
=LKR  \\$aPAR$b012090827$lBLL01$r78000$mJournal of the Chemical Society. Perkin transactions II$nJournal of the Chemical Society. B. Physical organic
=SRC  \\$aSRI01$bbibmp25.200404.2.aa
=SRC  \\$aBNB03$bbibmp5.200404.2.ab
=SRC  \\$aISN01$bbibmp22.200404.2.aa
=TCO  \\$aCLA$bCLA$c008
=UNO  \\$aY

