=LDR  06177cas a2201249 a 4500
=001  005406261
=003  Uk
=005  20230930080040.0
=007  ta
=008  040409c19889999sw\m|\p\\\\\\\0\\\b0eng\\
=019  c\$a2486872
=022  0\$a1100-1704
=040  \\$aUk$cUk$dUk
=130  0\$aActa oncologica (Stockholm, Sweden).$pSupplementum.
=210  0\$aActa oncol., Suppl.
=222  \0$aActa oncologica. Supplementum
=245  00$aActa oncologica.$pSupplementum.
=260  \\$aOslo ;$aBoston :$bScandinavian University Press
=300  \\$av. :$bill. ;$c28 cm.
=310  \\$aIrregular
=336  \\$atext$2rdacontent
=337  \\$aunmediated$2rdamedia
=338  \\$avolume$2rdacarrier
=500  \\$aEach issue has also a distinctive title.
=515  \\$aBeginning with Supplementum 5, issues also called on spine: No. 5-, with volume number and date of parent title, i.e. vol. 35 (1996)-
=540  \\$aCurrent copyright fee: GBP46.00$c2\0$5Uk
=595  \\$aSEE 0641.705.
=650  \0$aTumors$vPeriodicals.
=650  \0$aOncology$vPeriodicals.
=650  \0$aRadiation$xPhysiological effect$vPeriodicals.
=772  0\$tActa oncologica (Stockholm)$x0284-186X
=852  49$aBritish Library$bDSC$3For DSC stock see shelfmark 0641.705000
=856  \\$31850-9999$uhttp://informahealthcare.com$xBLDSS
=985  \\$aRecord enhanced by DQ team
=A02  \\$a2486872
=ACF  \\$aBritish Library not licensed to copy$c0$e01-apr-2012$hC$iCLA Excluded$5Uk
=ACF  \\$aBritish Library not licensed to copy$c0$e01-jan-2012$hC$iCLA Excluded$5Uk
=ACF  \\$aBritish Library not licensed to copy$c0$e01-oct-2011$hC$iCLA Excluded$5Uk
=ACF  \\$aPrevious copyright fee: GBP10.50$c0$e01-jan-2011$fGBP10.50$g0$hA$5Uk
=ACF  \\$aPrevious Copyright Fee: GBP13.57$c0$e01-jul-2009$fGBP13.57$g0$hC$5Uk
=ACF  \\$aPrevious Copyright Fee: GBP13.57$c0$e01-apr-2009$fGBP13.57$g0$hC$5Uk
=ACF  \\$aPrevious Copyright Fee: GBP11.88$c0$e01-jan-2009$fGBP11.88$g0$hC$5Uk
=ACF  \\$aPrevious Copyright Fee: GBP9.50$c0$e01-oct-2008$fGBP9.50$g0$hC$5Uk
=ACF  \\$aPrevious Copyright Fee: GBP9.50$c0$e01-jul-2008$fGBP9.50$g0$hC$5Uk
=ACF  \\$aPrevious Copyright Fee: GBP9.50$c0$e01-apr-2008$fGBP9.50$g0$hC$5Uk
=ACF  \\$aPrevious Copyright Fee: GBP9.50$c0$e01-jan-2008$fGBP9.50$g0$hC$5Uk
=ACF  \\$aPrevious Copyright Fee: GBP9.50$c0$e01-oct-2007$fGBP9.50$g0$hC$5Uk
=ACF  \\$aPrevious Copyright Fee: GBP9.50$c0$e01-jul-2007$fGBP9.50$g0$hC$5Uk
=ACF  \\$aPrevious Copyright Fee: GBP9.74$c0$e01-apr-2007$fGBP9.74$g0$hC$5Uk
=ACF  \\$aPrevious Copyright Fee: GBP10.27$c0$e01-jan-2007$fGBP10.27$g0$hC$5Uk
=ACF  \\$aPrevious Copyright Fee: GBP10.27$c0$e01-oct-2006$fGBP10.27$g0$hC$5Uk
=ACF  \\$aPrevious Copyright Fee: GBP10.86$c0$e01-jul-2006$fGBP10.86$g0$hC$5Uk
=ACF  \\$aPrevious Copyright Fee: GBP10.86$c0$e01-apr-2006$fGBP10.86$g0$hC$5Uk
=ACF  \\$aPrevious Copyright Fee: GBP10.56$c0$e01-jan-2006$fGBP10.56$g0$hC$5Uk
=ACF  \\$aPrevious Copyright Fee: GBP10.27$c0$e01-oct-2005$fGBP10.27$g0$hC$5Uk
=ACF  \\$aPrevious Copyright Fee: GBP10.27$c0$e01-jul-2005$fGBP10.27$g0$hC$5Uk
=ACF  \\$aPrevious Copyright Fee: GBP10.27$c0$e01-apr-2005$fGBP10.27$g0$hC$5Uk
=ACF  \\$aPrevious Copyright Fee: GBP10.56$c0$e01-jan-2005$fGBP10.56$g0$hC$5Uk
=ACF  \\$aPrevious Copyright Fee: GBP10.27$c0$e01-oct-2004$fGBP10.27$g0$hC$5Uk
=ACF  \\$aBritish Library not licensed to copy$c0$e01-jul-2012$hC$iCLA Excluded$5Uk
=ACF  \\$aBritish Library not licensed to copy$c0$e01-oct-2012$hC$iCFP Excluded$5Uk
=ACF  \\$aBritish Library not licensed to copy$c0$e01-jan-2013$hC$iCFP Excluded$5Uk
=ACF  \\$aBritish Library not licensed to copy$c0$e01-jul-2013$hC$iCFP Excluded$5Uk
=ACF  \\$aBritish Library not licensed to copy$c0$e01-apr-2013$hC$iCFP Excluded$5Uk
=ACF  \\$aPrevious copyright fee: GBP34.00$c45\0$e19-feb-2014$fGBP34.00$g0$hP$5Uk
=ACF  \\$aPrevious copyright fee: GBP33.00$c45\0$e01-apr-2015$fGBP33.00$g0$hP$5Uk
=ACF  \\$aPrevious copyright fee: GBP34.00$c45\0$e01-jan-2016$fGBP34.00$g0$hP$5Uk
=ACF  \\$aPrevious copyright fee: GBP36.00$c45\0$e01-jan-2017$fGBP36.00$g0$hP$5Uk
=ACF  \\$aPrevious copyright fee: GBP38.00$c45\0$e01-jan-2018$fGBP38.00$g0$hP$5Uk
=ACF  \\$aPrevious copyright fee: GBP40.00$c45\0$e01-jan-2019$fGBP40.00$g0$hP$5Uk
=ACF  \\$aPrevious copyright fee: GBP44.00$c45\0$e26-jan-2021$fGBP44.00$g0$hP$5Uk
=CAT  \\$aCONV$b00$c20040502$lBLL01$h1100
=CAT  \\$aBATCH-CLA$b00$c20130228$lBLL01$h1706
=CAT  \\$aIPL-CLA$c20130331$lBLL01$h1038
=CAT  \\$a540_fix$c20130403$lBLL01$h2000
=CAT  \\$aBATCH-CLA$b00$c20130531$lBLL01$h1642
=CAT  \\$aIPL-CLA$c20130630$lBLL01$h2156
=CAT  \\$a5552$b40$c20140219$lBLL01$h0816
=CAT  \\$aBLDSS-3PM$b00$c20141121$lBLL01$h1800
=CAT  \\$a5552$b40$c20150209$lBLL01$h0847
=CAT  \\$aIPL-CLA$c20150331$lBLL01$h1516
=CAT  \\$aBATCH-UPD$b00$c20151119$lBLL01$h1556
=CAT  \\$aIPL-CLA$c20151231$lBLL01$h1838
=CAT  \\$aBATCH-UPD$b00$c20160413$lBLL01$h1758
=CAT  \\$aBATCH-UPD$b00$c20161122$lBLL01$h1536
=CAT  \\$aBATCH-UPD$b00$c20161122$lBLL01$h1802
=CAT  \\$aIPL-CLA$c20161230$lBLL01$h1509
=CAT  \\$aBATCH-UPD$b00$c20171121$lBLL01$h1715
=CAT  \\$aIPL-CLA$c20171231$lBLL01$h1100
=CAT  \\$aBATCH-UPD$b00$c20181217$lBLL01$h1703
=CAT  \\$aIPL-CLA$c20181231$lBLL01$h1519
=CAT  \\$aBATCH-UPD$b00$c20210126$lBLL01$h1319
=CAT  \\$aIPL-CLA$c20210126$lBLL01$h1446
=CAT  \\$aBATCH-UPD$b00$c20221121$lBLL01$h1421
=CAT  \\$aIPL-CLA$c20221231$lBLL01$h1431
=CAT  \\$aR2308-1440$c20230824$lBLL01$h0921
=CAT  \\$aIPL-CLA$c20230930$lBLL01$h0800
=CFI  0\$aCurrent copyright fee: GBP46.00$c2\0$e01-oct-2023$fGBP46.00$g0$hP$5Uk
=CFI  2\$aPrevious copyright fee: GBP46.00$c45\0$e01-jan-2023$fGBP46.00$g0$hP$5Uk
=FFP  \\$aY$bBLDSS-3PM
=FIN  \\$aY
=FMT  \\$a  SE
=LAS  \\$aIPL-CLA$b00$c20230930$lBLL01$h0800
=LEO  \\$aMP10.0000030521
=SRC  \\$aDSS01$bbibmp10.200404.2.aa
=TCO  \\$aXXX$c008
=TOC  \\$aETOC

