=LDR  03764 as a22009377a 4500
=001  005433803
=003  Uk
=005  20130204083046.0
=007  ta
=008  040409c19879999txu\x\m\\\\\\\0\\\a0eng\\
=019  c\$a2350025
=040  \\$aUk$cUk$dUk
=245  00$aCirculation research monograph.
=260  \\$a[Dallas, Tex.] :$bAmerican Heart Association,$c1987-
=300  \\$av. :$bill. ;$c28 cm.
=310  \\$aIrregular
=336  \\$atext$2rdacontent
=337  \\$aunmediated$2rdamedia
=338  \\$avolume$2rdacarrier
=362  0\$aNo. 1-
=500  \\$aTitle from cover.
=540  \\$aCurrent copyright fee: GBP32.00$c20\0$5Uk
=580  \\$aSupplements: Circulation research.
=580  \\$aSome numbers also issued as Circulation research. Supplement.
=595  \\$aSEE 3265.303.
=650  \0$aCardiovascular system.
=650  \0$aBlood$xCirculation.
=710  2\$aAmerican Heart Association.
=730  0\$aCirculation research.
=772  0\$tCirculation research$x0009-7330
=787  0\$tCirculation research. Supplement$x0069-4185
=852  49$aBritish Library$bDSC$3For DSC stock see shelfmark 3265.303000
=856  \\$31850-9999$uhttp://journals.lww.com$xBLDSS
=985  \\$aRecord merged by DQ team
=A02  \\$a2350025
=ACF  \\$aPrevious Copyright Fee: GBP17.50$c0$e01-oct-2008$fGBP17.50$g0$hC$5Uk
=ACF  \\$aBritish Library not licensed to copy$c0$e07-sep-2011$hC$iTX$5Uk
=ACF  \\$aPrevious copyright fee: GBP10.50$c0$e01-jan-2011$fGBP10.50$g0$hA$5Uk
=ACF  \\$aPrevious copyright fee: GBP29.38$c20\0$e04-feb-2013$fGBP29.38$g0$hP$5Uk
=ACF  \\$aPrevious copyright fee: GBP30.32$c20\0$e01-jul-2013$fGBP30.32$g0$hP$5Uk
=ACF  \\$aPrevious copyright fee: GBP29.38$c20\0$e01-jan-2014$fGBP29.38$g0$hP$5Uk
=ACF  \\$aPrevious copyright fee: GBP28.48$c20\0$e01-jul-2014$fGBP28.48$g0$hP$5Uk
=ACF  \\$aPrevious copyright fee: GBP30.32$c20\0$e01-apr-2015$fGBP30.32$g0$hP$5Uk
=ACF  \\$aPrevious copyright fee: GBP31.33$c20\0$e01-jul-2015$fGBP31.33$g0$hP$5Uk
=CAT  \\$aCONV$b00$c20040502$lBLL01$h1100
=CAT  \\$aBATCH-UPD$b00$c20101201$lBLL01$h1159
=CAT  \\$aIPL-CLA$c20101231$lBLL01$h1121
=CAT  \\$aBATCH-UPD$b00$c20110907$lBLL01$h1746
=CAT  \\$aIPL-CLA$c20110908$lBLL01$h1658
=CAT  \\$aBATCH-CLA$b00$c20121102$lBLL01$h1753
=CAT  \\$a5552$b40$c20130204$lBLL01$h0830
=CAT  \\$aBATCH-UPD$b40$c20130522$lBLL01$h1717
=CAT  \\$aIPL-CLA$c20130630$lBLL01$h2157
=CAT  \\$aBATCH-UPD$b00$c20131119$lBLL01$h2003
=CAT  \\$aIPL-CLA$c20131231$lBLL01$h1604
=CAT  \\$aBATCH-UPD$b00$c20140527$lBLL01$h2030
=CAT  \\$aBATCH-CLA$c20140528$lBLL01$h1653
=CAT  \\$aIPL-CLA$c20140630$lBLL01$h1605
=CAT  \\$aBLDSS-3PM$b00$c20141116$lBLL01$h1729
=CAT  \\$aBATCH-UPD$b00$c20150219$lBLL01$h1724
=CAT  \\$aIPL-CLA$c20150331$lBLL01$h1516
=CAT  \\$aBATCH-UPD$b00$c20150520$lBLL01$h1734
=CAT  \\$aIPL-CLA$c20150630$lBLL01$h1602
=CAT  \\$aBATCH-UPD$b00$c20150820$lBLL01$h1820
=CAT  \\$aIPL-CLA$c20150930$lBLL01$h1647
=CAT  \\$aBATCH-UPD$b00$c20160217$lBLL01$h1707
=CAT  \\$aIPL-CLA$c20160331$lBLL01$h1559
=CAT  \\$aBATCH-UPD$b00$c20160413$lBLL01$h1759
=CAT  \\$aBATCH-UPD$b00$c20160524$lBLL01$h2150
=CAT  \\$aBATCH-UPD$b00$c20160524$lBLL01$h2201
=CFI  0\$aCurrent copyright fee: GBP32.00$c20\0$e01-apr-2016$fGBP32.00$g0$hP$5Uk
=CFI  2\$aPrevious copyright fee: GBP30.32$c20\0$e01-oct-2015$fGBP30.32$g0$hP$5Uk
=FFP  \\$aY$bBLDSS-3PM
=FIN  \\$aY
=FMT  \\$a  SE
=LAS  \\$aBATCH-UPD$b00$c20160524$lBLL01$h2201
=LEO  \\$aMP10.0000147949
=SRC  \\$aDSS01$bbibmp10.200404.2.aa
=TCO  \\$aTRS$bCCC$c008
=TOC  \\$aETOC
=UNO  \\$aY

