=LDR  04569 as a2201105 a 4500
=001  005473702
=003  Uk
=005  20150622172043.0
=007  ta
=008  950807c19949999mdumr\p\\\\\\\0\\\a0eng\c
=010  \\$asn 95043399
=019  c\$a2611071
=022  0\$a1547-1896$l0893-7400$y0893-7400
=032  \\$a003767$bUSPS
=035  \\$a(OCoLC)32935348
=040  \\$aWAU$cWAU$dNLM$dDLC$dNSD$dTXA$dOCLCQ$dUk
=042  \\$aukblsr
=050  14$aR5$b.J69
=060  00$aW1$bJO907XD
=082  04$a610.7372069$223
=222  \0$aJAAPA$b(Montvale, N.J.)
=245  00$aJAAPA :$bofficial journal of the American Academy of Physician Assistants.
=246  13$aJournal of the American Academy of Physician Assistants
=260  \\$aMontvale, NJ :$bMedical Economics,$c[1994]-
=264  31$aHagerstown, MD :$bLippincott, Williams & Wilkins
=300  \\$billustrations (black and white, and colour) ;$c27-28 cm
=310  \\$aMonthly,$b<2012>-
=321  \\$aMonthly (except July and Dec.),$b<Mar. 1995- >
=321  \\$aMonthly (except Aug.),$b1994-
=336  \\$atext$2rdacontent
=337  \\$aunmediated$2rdamedia
=338  \\$avolume$2rdacarrier
=362  1\$aBegan with v. 7 in 1994.
=500  \\$aApproved for continuing education credit by the AAPA.
=540  \\$aCurrent copyright fee: GBP32.00$c20\0$5Uk
=588  \\$aDescription based on: Vol. 7, no. 11 (Dec. 1994); title from cover.
=588  \\$aLatest issue consulted: volume 26, number 10 (October 2013).
=595  \\$aSEE 4683.7325.
=650  \0$aMedicine$vPeriodicals.
=650  \0$aPhysicians' assistants$vPeriodicals.
=710  2\$aAmerican Academy of Physician Assistants.
=776  0\$tJAAPA (Online)$x1547-1896
=780  00$tJournal of the American Academy of Physician Assistants$x0893-7400
=852  49$aBritish Library$bDSC$3See shelfmark 4683.732500
=856  \\$31850-9999$uhttp://journals.lww.com$xBLDSS
=945  \\$aJAAPA -ST LOUIS-
=A02  \\$a2611071
=ACF  \\$aPrevious Copyright Fee: GBP3.23$c0$e01-apr-2012$fGBP3.23$g0$hC$5Uk
=ACF  \\$aPrevious Copyright Fee: GBP3.00$c0$e01-jan-2012$fGBP3.00$g0$hC$5Uk
=ACF  \\$aPrevious Copyright Fee: GBP12.00$c0$e01-oct-2012$fGBP12.00$g0$hC$5Uk
=ACF  \\$aPrevious Copyright Fee: GBP12.00$c0$e01-jul-2012$fGBP12.00$g0$hC$5Uk
=ACF  \\$aPrevious Copyright Fee: GBP29.38$c20\0$e24-jun-2013$fGBP29.38$g0$hP$5Uk
=ACF  \\$aPrevious Copyright Fee: GBP30.32$c20\0$e01-jul-2013$fGBP30.32$g0$hP$5Uk
=ACF  \\$aPrevious copyright fee: GBP29.38$c20\0$e01-jan-2014$fGBP29.38$g0$hP$5Uk
=ACF  \\$aPrevious copyright fee: GBP28.48$c20\0$e01-jul-2014$fGBP28.48$g0$hP$5Uk
=ACF  \\$aPrevious copyright fee: GBP30.32$c20\0$e01-apr-2015$fGBP30.32$g0$hP$5Uk
=ACF  \\$aPrevious copyright fee: GBP31.33$c20\0$e01-jul-2015$fGBP31.33$g0$hP$5Uk
=CAT  \\$aCONV$b00$c20040502$lBLL01$h1101
=CAT  \\$aIPL-CLA$c20120930$lBLL01$h1947
=CAT  \\$aBATCH-CLA$b00$c20121102$lBLL01$h1751
=CAT  \\$aWR13.005$c20130329$lBLL01$h1237
=CAT  \\$a5552$b40$c20130624$lBLL01$h0937
=CAT  \\$aIPL-CLA$c20130630$lBLL01$h2159
=CAT  \\$a8323$b40$c20131017$lBLL01$h1110
=CAT  \\$aBATCH-UPD$b40$c20131119$lBLL01$h2003
=CAT  \\$aIPL-CLA$c20131231$lBLL01$h1610
=CAT  \\$aBATCH-UPD$b00$c20140527$lBLL01$h2030
=CAT  \\$aBATCH-CLA$c20140528$lBLL01$h1653
=CAT  \\$aIPL-CLA$c20140630$lBLL01$h1607
=CAT  \\$aBLDSS-3PM$b00$c20141116$lBLL01$h1729
=CAT  \\$aBATCH-UPD$b00$c20150219$lBLL01$h1724
=CAT  \\$aIPL-CLA$c20150331$lBLL01$h1517
=CAT  \\$aBATCH-UPD$b00$c20150520$lBLL01$h1734
=CAT  \\$a3072$b40$c20150622$lBLL01$h1719
=CAT  \\$a3072$b40$c20150622$lBLL01$h1720
=CAT  \\$aIPL-CLA$c20150630$lBLL01$h1602
=CAT  \\$aBATCH-UPD$b00$c20150820$lBLL01$h1820
=CAT  \\$aIPL-CLA$c20150930$lBLL01$h1647
=CAT  \\$aBATCH-UPD$b00$c20160217$lBLL01$h1707
=CAT  \\$aIPL-CLA$c20160331$lBLL01$h1600
=CAT  \\$aBATCH-UPD$b00$c20160413$lBLL01$h1759
=CAT  \\$aBATCH-UPD$b00$c20160524$lBLL01$h2150
=CAT  \\$aBATCH-UPD$b00$c20160524$lBLL01$h2201
=CFI  0\$aCurrent copyright fee: GBP32.00$c20\0$e01-apr-2016$fGBP32.00$g0$hP$5Uk
=CFI  2\$aPrevious copyright fee: GBP30.32$c20\0$e01-oct-2015$fGBP30.32$g0$hP$5Uk
=FFP  \\$aY$bBLDSS-3PM
=FIN  \\$aY
=FMT  \\$a  SE
=LAS  \\$aBATCH-UPD$b00$c20160524$lBLL01$h2201
=LEO  \\$aMP10.0000306612
=SID  \\$aZ39$bOCLC
=SRC  \\$aDSS01$bbibmp10.200404.2.aa
=TCO  \\$aZZZ$c008
=TOC  \\$aETOC
=UNO  \\$aY

