=LDR  04714cas a2201033 a 4500
=001  005473831
=003  Uk
=005  20221231143122.0
=007  ta
=008  010619d19761983dcuqx\p\\\\\\\0\\\a0eng\c
=010  \\$a2002201189$zsc 78000764
=022  0\$a0149-2993
=035  \\$a(OCoLC)ocm03189120
=040  \\$aOKentU$cOKentU$dNSDP$dDLC$dNSDP$dOCoLC$dAIP$dNST$dNSDP$dNST$dMH$dAIP$dNST$dWaU$dNSDP$dMH$dNST$dOCoLC$dDLC$dOCoLC$dMiU$dCaQQL$dOCoLC$dCMalG$dTxCM$dUk
=050  00$aNA1$b.J77
=082  04$a720.71$223
=210  0\$aJAE
=222  \0$aJAE
=245  00$aJAE.
=246  3\$aJournal of architectural education
=260  \\$aWashington, D.C. :$bAssociation of Collegiate Schools of Architecture,$cc1976-c1983.
=300  \\$av. :$bill. ;$c30 cm.
=310  \\$aFour issues yearly
=336  \\$atext$2rdacontent
=337  \\$aunmediated$2rdamedia
=338  \\$avolume$2rdacarrier
=362  1\$aBegan with: Vol. 28, no. 3/4 copyrighted 1976; ceased with: Vol. 37, no. 2 (Winter 1983).
=515  \\$aVol. 28, no. 3/4 represents a back issue corresponding to the academic year 1974/1975, although issued in 1976. Vol. 29, no. 1 undated but constitutes the Sept. 1975 issue; succeeding issues are designated by both number and date.
=540  \\$aCurrent copyright fee: GBP37.00$c2\0$5Uk
=588  \\$aDescription based on: Vol. 28, no. 3/4 copyrighted 1976; title from cover.
=588  \\$aLatest issue consulted: Vol. 37, no. 2 (Winter 1983).
=595  \\$aSEE 4947.18.
=650  \0$aArchitecture$vPeriodicals.
=710  2\$aAssociation of Collegiate Schools of Architecture.
=780  00$tJournal of architectural education of the Association of Collegiate Schools of Architecture$x0047-2239
=785  00$tJournal of architectural education$x1046-4883
=852  49$aBritish Library$bDSC$3See shelfmark 4947.180000
=856  \\$31850-9999$uhttp://www.tandfonline.com/$xBLDSS
=945  \\$aJAE -WASHINGTON-.
=A02  \\$a2484597
=ACF  \\$aPrevious Copyright Fee: GBP22.60$c0$e01-jul-2012$fGBP22.60$g0$hC$5Uk
=ACF  \\$aPrevious Copyright Fee: GBP22.60$c0$e01-oct-2012$fGBP22.60$g0$hC$5Uk
=ACF  \\$aPrevious Copyright Fee: GBP12.00$c0$e01-jan-2013$fGBP12.00$g0$hC$5Uk
=ACF  \\$aPrevious Copyright Fee: GBP22.00$c0$e01-apr-2014$fGBP22.00$g0$hC$5Uk
=ACF  \\$aPrevious Copyright Fee: GBP22.60$c0$e01-jan-2014$fGBP22.60$g0$hC$5Uk
=ACF  \\$aPrevious Copyright Fee: GBP25.00$c2\0$e30-jan-2015$fGBP25.00$g0$hP$5Uk
=ACF  \\$aPrevious copyright fee: GBP26.00$c2\0$e01-jan-2016$fGBP26.00$g0$hP$5Uk
=ACF  \\$aPrevious copyright fee: GBP28.00$c2\0$e01-jan-2017$fGBP28.00$g0$hP$5Uk
=ACF  \\$aPrevious copyright fee: GBP30.00$c2\0$e01-jan-2018$fGBP30.00$g0$hP$5Uk
=ACF  \\$aPrevious copyright fee: GBP32.00$c2\0$e01-jan-2019$fGBP32.00$g0$hP$5Uk
=ACF  \\$aPrevious copyright fee: GBP34.00$c2\0$e01-jan-2020$fGBP34.00$g0$hP$5Uk
=CAT  \\$aCONV$b00$c20040502$lBLL01$h1101
=CAT  \\$aIPL-CLA$c20130102$lBLL01$h1633
=CAT  \\$aWR13.005$c20130329$lBLL01$h1237
=CAT  \\$aBATCH-CLA$b00$c20131129$lBLL01$h1637
=CAT  \\$aIPL-CLA$c20131231$lBLL01$h1610
=CAT  \\$aBATCH-CLA$b00$c20140228$lBLL01$h1610
=CAT  \\$aIPL-CLA$c20140331$lBLL01$h1558
=CAT  \\$a5552$b40$c20150130$lBLL01$h1410
=CAT  \\$a5552$b40$c20150130$lBLL01$h1411
=CAT  \\$aBLDSS-3PM$b00$c20150215$lBLL01$h1111
=CAT  \\$aBATCH-UPD$b00$c20151119$lBLL01$h1536
=CAT  \\$aIPL-CLA$c20151231$lBLL01$h1839
=CAT  \\$aBATCH-UPD$b00$c20160413$lBLL01$h1759
=CAT  \\$aBATCH-UPD$b00$c20161122$lBLL01$h1507
=CAT  \\$aBATCH-UPD$b00$c20161122$lBLL01$h1544
=CAT  \\$aIPL-CLA$c20161230$lBLL01$h1515
=CAT  \\$aBATCH-UPD$b00$c20171121$lBLL01$h1641
=CAT  \\$aIPL-CLA$c20171231$lBLL01$h1104
=CAT  \\$aBATCH-UPD$b00$c20181217$lBLL01$h1633
=CAT  \\$aIPL-CLA$c20181231$lBLL01$h1519
=CAT  \\$aBATCH-UPD$b00$c20191122$lBLL01$h1856
=CAT  \\$aIPL-CLA$c20191231$lBLL01$h1525
=CAT  \\$aBATCH-UPD$b00$c20201118$lBLL01$h1329
=CAT  \\$aIPL-CLA$c20201231$lBLL01$h1517
=CAT  \\$aBATCH-UPD$b00$c20221121$lBLL01$h1341
=CAT  \\$aIPL-CLA$c20221231$lBLL01$h1431
=CFI  0\$aCurrent copyright fee: GBP37.00$c2\0$e01-jan-2023$fGBP37.00$g0$hP$5Uk
=CFI  2\$aPrevious copyright fee: GBP35.00$c2\0$e01-jan-2021$fGBP35.00$g0$hP$5Uk
=FFP  \\$aY$bBLDSS-3PM
=FIN  \\$aY
=FMT  \\$a  SE
=LAS  \\$aIPL-CLA$b00$c20221231$lBLL01$h1431
=LEO  \\$aMP10.0000307197
=LKR  \\$aPAR$b010488089$lBLL01$r78500$mJAE$nJOURNAL OF ARCHITECTURAL EDUCATION.
=SID  \\$aZ39$bLOC
=SRC  \\$aDSS01$bbibmp10.200404.2.aa
=TCO  \\$aZZZ$c008
=TOC  \\$aETOC

