=LDR  03630cas a2200901ua 4500
=001  005502942
=003  Uk
=005  20211231153437.0
=007  ta
=008  040409c19899999fr\er\p\\\\\\\0\\\b0fre\\
=019  c\$a2545472
=022  0\$a0992-5945
=040  \\$aUk$cUk$dUk
=222  \0$aOption-bio
=245  00$aOption-bio :$ble journal de l'analyse médicale et de la biologie clinique.
=260  \\$aParis :$bÉditions scientifiques Elsevier
=310  \\$aBiweekly
=336  \\$atext$2rdacontent
=337  \\$aunmediated$2rdamedia
=338  \\$avolume$2rdacarrier
=362  1\$aBegan in 1989.
=515  \\$aSome no. issued together.
=540  \\$aCurrent copyright fee: GBP34.30$c5\1$5Uk
=650  \0$aClinical biochemistry$zEurope$vPeriodicals.
=650  \0$aMedicine$zEurope$vPeriodicals.
=650  \0$aImmunology$xResearch$zEurope$vPeriodicals.
=776  0\$tOption/bio (Online)$x1878-4151
=780  01$tColloque de virologie de Versailles-Le Chesnay$x1293-867X
=852  41$aBritish Library$bSTI
=856  \\$31850-9999$uhttp://www.elsevier.com/journals$xBLDSS
=945  \\$aOption bio.
=979  \\$aBritish Library$bDSC$j6275.208000N$xNot selected
=A02  \\$a2545472
=ACF  \\$aPrevious copyright fee: GBP19.00$c5\6$e01-jan-2008$fGBP19.00$g0$hP$5Uk
=ACF  \\$aPrevious copyright fee: GBP18.00$c5\6$e01-apr-2004$fGBP18.00$g0$hP$5Uk
=ACF  \\$aCurrent copyright fee: GBP20.00$c5\6$e01-jan-2003$fGBP20.00$g0$hP$5Uk
=ACF  \\$aCurrent copyright fee: GBP15.00$c5\6$e01-jul-2002$fGBP15.00$g0$hP$5Uk
=ACF  \\$aPrevious copyright fee: GBP20.00$c5\1$e01-jan-2009$fGBP20.00$g0$hP$5Uk
=ACF  \\$aPrevious copyright fee: GBP21.00$c5\1$e01-jan-2012$fGBP21.00$g0$hP$5Uk
=ACF  \\$aPrevious copyright fee: GBP22.50$c5\1$e01-jan-2013$fGBP22.50$g0$hP$5Uk
=ACF  \\$aPrevious copyright fee: GBP23.40$c5\1$e01-jan-2018$fGBP23.40$g0$hP$5Uk
=CAT  \\$aCONV$b00$c20040502$lBLL01$h1102
=CAT  \\$aBATCH$b00$c20090101$lBLL01$h0114
=CAT  \\$aWR-09059$b40$c20090927$lBLL01$h1638
=CAT  \\$aBATCH$b00$c20091206$lBLL01$h0012
=CAT  \\$aWR11_155$c20111021$lBLL01$h1326
=CAT  \\$aWR11_155$c20111114$lBLL01$h1646
=CAT  \\$aBATCH-UPD$b00$c20111123$lBLL01$h1849
=CAT  \\$aIPL-CLA$c20111230$lBLL01$h1635
=CAT  \\$aWR12-140$c20121031$lBLL01$h1718
=CAT  \\$aBATCH-CLA$b00$c20121103$lBLL01$h1039
=CAT  \\$aBATCH-UPD$b00$c20121121$lBLL01$h1652
=CAT  \\$aWR12_168$c20121206$lBLL01$h1807
=CAT  \\$aIPL-CLA$c20121231$lBLL01$h1238
=CAT  \\$aIPL-CLA$c20130102$lBLL01$h1635
=CAT  \\$aWR13.005$c20130322$lBLL01$h1822
=CAT  \\$a6537$b40$c20140819$lBLL01$h0918
=CAT  \\$aBLDSS-3PM$b00$c20141222$lBLL01$h1700
=CAT  \\$a8874$b40$c20150219$lBLL01$h0939
=CAT  \\$aBATCH-UPD$b40$c20160413$lBLL01$h1759
=CAT  \\$aBATCH-UPD$b40$c20171121$lBLL01$h1722
=CAT  \\$aBATCH-UPD$b40$c20171121$lBLL01$h1935
=CAT  \\$aIPL-CLA$c20171231$lBLL01$h1106
=CAT  \\$aBATCH-UPD$b00$c20190521$lBLL01$h1416
=CAT  \\$aIPL-CLA$c20190630$lBLL01$h1510
=CAT  \\$aBATCH-UPD$b00$c20211119$lBLL01$h1535
=CAT  \\$aIPL-CLA$c20211231$lBLL01$h1534
=CFI  0\$aCurrent copyright fee: GBP34.30$c5\1$e01-jan-2022$fGBP34.30$g0$hP$5Uk
=CFI  2\$aPrevious copyright fee: GBP32.84$c5\1$e01-jul-2019$fGBP32.84$g0$hP$5Uk
=FFP  \\$aY$bBLDSS-3PM
=FIN  \\$aY
=FMT  \\$a  SE
=LAS  \\$aIPL-CLA$b00$c20211231$lBLL01$h1534
=LEO  \\$aMP10.0000423387
=SRC  \\$aDSS03$bbibsr.200404.2.aa
=SRC  \\$aDSS01$bbibmp10.200404.2.aa
=TCO  \\$aFRA$bCFC$c008
=TOC  \\$aETOC

