=LDR  06496cas a2201333 a 4500
=001  005532583
=003  Uk
=005  20211231153440.0
=007  ta
=008  810723d19791981enkqr1p\\\\\\\0\\\a0eng\d
=010  \\$a96658062$zsc 82002018$zsn 82000424
=019  c\$a2258580
=022  0\$a0160-7995
=035  \\$a(OCoLC)ocm07609218
=040  \\$aWaU$cWaU$dDNLM$dNSDP$dNST$dDLC$dNSDP$dNST$dDLC$dNST$dOCoLC$dOCoLC$dNST$dAIP$dNST$dOCoLC$dNST$dDLC$dOCoLC$dCU-S$dDLC$dUk
=041  0\$aeng$beng
=042  \\$ansdp$alc
=050  00$aRA410.A1$bS63
=060  00$aW1$bSO127HC
=082  00$a338.476105
=210  0\$aSoc. sci. med., Med. econ.
=222  \0$aSocial science & medicine. Medical economics
=245  00$aSocial science & medicine.$nPart C,$pMedical economics.
=246  30$aMedical economics
=246  3\$aSocial science and medicine.$nPart C,$pMedical economics
=260  \\$aOxford ;$aNew York :$bPergamon Press,$cc1979-c1981.
=300  \\$av. ;$c27 cm.
=310  \\$aQuarterly
=336  \\$atext$2rdacontent
=337  \\$aunmediated$2rdamedia
=338  \\$avolume$2rdacarrier
=362  0\$aVol. 13C, no. 4 (Dec. 1979)-v. 15C, no. 4 (Dec. 1981).
=500  \\$aTitle from cover.
=530  \\$aAlso issued online.
=540  \\$aCurrent copyright fee: GBP34.30$c5\1$5Uk
=580  \\$aMerged with: Social science & medicine. Part A. Medical sociology; Social science & medicine. Part B. Medical anthropology; Social science & medicine. Part D. Medical geography; Social science & medicine. Part E. Medical psychology; and, Social science & medicine. Part F. Medical & social ethics, to form: Social science & medicine.
=595  \\$aSEE 8318.157.
=650  \0$aMedical economics$vPeriodicals.
=650  \2$aEconomics, Medical$vPeriodicals.
=690  7\$aManagement and Business Studies$2blcoll
=776  1\$tSocial science & medicine. Part C, Medical economics (Online)
=780  00$tSocial science & medicine. Medical economics$x0160-7995
=785  17$tSocial science & medicine. Part A. Medical sociology$x0271-7123
=785  17$tSocial science & medicine. Part B. Medical anthropology$x0160-7987
=785  17$tSocial science & medicine. Part D. Medical geography$x0160-8002
=785  17$tSocial science & medicine. Part E. Medical psychology.$x0271-5384
=785  17$tSocial science & anthropology. Part F. Medical & social ethics$x0271-5392
=785  17$tSocial science & medicine (1982)$x0277-9536
=852  49$aBritish Library$bDSC$3See shelfmark 8318.157000 for vol. 1, 1967-
=856  \\$31850-9999$uhttp://www.elsevier.com/journals$xBLDSS
=945  \\$aSOCIAL SCIENCE AND MEDICINE C.
=963  \\$aVOL. 12, 1978- 15, 1981 *A=1$bN$cL300.B.593
=A02  \\$a2258580
=ACF  \\$aPrevious Copyright Fee: GBP21.00$c0$e01-apr-2012$fGBP21.00$g0$hC$5Uk
=ACF  \\$aPrevious Copyright Fee: GBP21.00$c0$e01-jan-2012$fGBP21.00$g0$hC$5Uk
=ACF  \\$aPrevious Copyright Fee: GBP20.00$c0$e01-oct-2011$fGBP20.00$g0$hC$5Uk
=ACF  \\$aPrevious Copyright Fee: GBP20.00$c0$e01-jul-2011$fGBP20.00$g0$hC$5Uk
=ACF  \\$aPrevious Copyright Fee: GBP20.00$c0$e01-apr-2011$fGBP20.00$g0$hC$5Uk
=ACF  \\$aPrevious Copyright Fee: GBP20.00$c0$e01-jan-2011$fGBP20.00$g0$hC$5Uk
=ACF  \\$aPrevious Copyright Fee: GBP20.00$c0$e01-oct-2010$fGBP20.00$g0$hC$5Uk
=ACF  \\$aPrevious Copyright Fee: GBP20.00$c0$e01-jul-2010$fGBP20.00$g0$hC$5Uk
=ACF  \\$aPrevious Copyright Fee: GBP20.00$c0$e01-apr-2010$fGBP20.00$g0$hC$5Uk
=ACF  \\$aPrevious Copyright Fee: GBP20.00$c0$e01-Jan-2010$fGBP20.00$g0$hC$5Uk
=ACF  \\$aPrevious Copyright Fee: GBP20.00$c0$e01-oct-2009$fGBP20.00$g0$hC$5Uk
=ACF  \\$aPrevious Copyright Fee: GBP20.00$c0$e01-jul-2009$fGBP20.00$g0$hC$5Uk
=ACF  \\$aPrevious Copyright Fee: GBP20.00$c0$e01-apr-2009$fGBP20.00$g0$hC$5Uk
=ACF  \\$aPrevious Copyright Fee: GBP20.00$c0$e01-jan-2009$fGBP20.00$g0$hC$5Uk
=ACF  \\$aPrevious Copyright Fee: GBP19.00$c0$e01-oct-2008$fGBP19.00$g0$hC$5Uk
=ACF  \\$aPrevious Copyright Fee: GBP19.00$c0$e01-jul-2008$fGBP19.00$g0$hC$5Uk
=ACF  \\$aPrevious Copyright Fee: GBP19.00$c0$e01-apr-2008$fGBP19.00$g0$hC$5Uk
=ACF  \\$aCurrent copyright fee: GBP4.40$c0$e01-jul-1998$fGBP4.40$g0$hA$5Uk
=ACF  \\$aCurrent copyright fee: GBP4.20$c0$e01-apr-1997$fGBP4.20$g0$hA$5Uk
=ACF  \\$aPrevious Copyright Fee: GBP21.00$c0$e01-oct-2012$fGBP21.00$g0$hC$5Uk
=ACF  \\$aPrevious Copyright Fee: GBP21.00$c0$e01-jul-2012$fGBP21.00$g0$hC$5Uk
=ACF  \\$aPrevious copyright fee: GBP21.00$c5\1$e13-dec-2012$fGBP21.00$g0$hP$5Uk
=ACF  \\$aPrevious copyright fee: GBP22.50$c5\1$e01-jan-2013$fGBP22.50$g0$hP$5Uk
=ACF  \\$aPrevious copyright fee: GBP23.40$c5\1$e01-jan-2018$fGBP23.40$g0$hP$5Uk
=CAT  \\$aCONV$b00$c20040502$lBLL01$h1103
=CAT  \\$aBATCH-CLA$b00$c20110831$lBLL01$h1738
=CAT  \\$aIPL-CLA$c20110930$lBLL01$h1500
=CAT  \\$aBATCH-CLA$b00$c20111130$lBLL01$h1208
=CAT  \\$aIPL-CLA$c20111230$lBLL01$h1638
=CAT  \\$aBATCH-CLA$b00$c20120229$lBLL01$h1620
=CAT  \\$aIPL-CLA$c20120330$lBLL01$h1346
=CAT  \\$aBATCH-CLA$b00$c20120531$lBLL01$h1658
=CAT  \\$aIPL-CLA$c20120629$lBLL01$h0942
=CAT  \\$aBATCH-CLA$b00$c20120831$lBLL01$h1525
=CAT  \\$aIPL-CLA$c20120930$lBLL01$h1949
=CAT  \\$aBATCH-CLA$b00$c20121103$lBLL01$h1037
=CAT  \\$a5552$b40$c20121213$lBLL01$h0941
=CAT  \\$aIPL-CLA$c20121231$lBLL01$h1239
=CAT  \\$aIPL-CLA$c20130102$lBLL01$h1637
=CAT  \\$aWR13.005$c20130322$lBLL01$h1836
=CAT  \\$aBLDSS-3PM$b00$c20141222$lBLL01$h1700
=CAT  \\$aBATCH-UPD$b00$c20160413$lBLL01$h1759
=CAT  \\$aBATCH-UPD$b00$c20171121$lBLL01$h1722
=CAT  \\$aBATCH-UPD$b00$c20171121$lBLL01$h1936
=CAT  \\$aBATCH-MBS$c20171124$lBLL01$h2116
=CAT  \\$aIPL-CLA$c20171231$lBLL01$h1108
=CAT  \\$aBATCH-UPD$b00$c20190521$lBLL01$h1416
=CAT  \\$aIPL-CLA$c20190630$lBLL01$h1510
=CAT  \\$aBATCH-UPD$b00$c20211119$lBLL01$h1535
=CAT  \\$aIPL-CLA$c20211231$lBLL01$h1534
=CFI  0\$aCurrent copyright fee: GBP34.30$c5\1$e01-jan-2022$fGBP34.30$g0$hP$5Uk
=CFI  2\$aPrevious copyright fee: GBP32.84$c5\1$e01-jul-2019$fGBP32.84$g0$hP$5Uk
=FFP  \\$aY$bBLDSS-3PM
=FIN  \\$aY
=FMT  \\$a  SE
=LAS  \\$aIPL-CLA$b00$c20211231$lBLL01$h1534
=LEO  \\$aMP10.0000538850
=SID  \\$aZ39$bLOC
=SRC  \\$aDSS01$bbibmp10.200404.2.aa
=TCO  \\$aCLA$bCLA$c008
=TOC  \\$aETOC

