=LDR  03012 as a2200817 a 4500
=001  005570755
=003  Uk
=005  20210126144657.0
=007  ta
=008  051017c19919999enkqr\p\\\\\\\0\\\a0eng\\
=015  \\$aGBA604692$2bnb
=019  c\$a2497714
=022  0\$a1749-978X$202
=040  \\$aUk$beng$cUk
=042  \\$aukblsr$aissnuk
=082  04$a621.31924$222
=222  \0$aWiring matters
=245  00$aWiring matters.
=246  17$aIEE wiring matters
=260  \\$aStevenage :$bIEE Publishing,$c[1991]-.
=300  \\$av. :$bcol. ill. ;$c30 cm.
=310  \\$aQuarterly
=336  \\$atext$2rdacontent
=337  \\$aunmediated$2rdamedia
=338  \\$avolume$2rdacarrier
=362  1\$aPrint began with: vol. 1 (1991)
=500  \\$aLatest issue consulted: issue 16 (autumn 2005)
=540  \\$aCurrent copyright fee: GBP0.00$c35\0$5Uk
=595  \\$aSee Card Index
=650  \0$aElectric wiring$vPeriodicals.
=650  \0$aElectric apparatus and appliances$xInstallation$vPeriodicals.
=710  2\$aInstitution of Electrical Engineers.
=852  11$aBritish Library$bSTI$k(P)$h621.31924$m-E(1)$3Issue 16, Autumn 2005-
=852  41$aBritish Library$bHMNTS
=856  \\$31850-9999$uhttp://www.theiet.org/$xBLDSS
=945  \\$aWiring matters
=979  \\$aBritish Library$bDSC$j9325.080000N$xDSC Not Selected
=ACF  \\$aPrevious copyright fee: GBP12.00$c33\0$e01-jan-2004$fGBP12.00$g0$hP$5Uk
=ACF  \\$aCurrent copyright fee: GBP11.00$c33\0$e01-jan-2003$fGBP11.00$g0$hP$5Uk
=ACF  \\$aCurrent copyright fee: GBP5.00$c0$e01-oct-2002$fGBP5.00$g0$hA$5Uk
=ACF  \\$aPrevious Copyright Fee: GBP14.00$c33\0$e01-jan-2005$fGBP14.00$g0$hP$5Uk
=CAT  \\$aCONV$b00$c20040502$lBLL01$h1108
=CAT  \\$a6537$b40$c20051207$lBLL01$h1234
=CAT  \\$c20051230$lBLL01$h1857
=CAT  \\$c20051230$lBLL01$h2034
=CAT  \\$c20051230$lBLL01$h2202
=CAT  \\$a11316$b40$c20060110$lBLL01$h1234
=CAT  \\$a5473$b40$c20060801$lBLL01$h1130
=CAT  \\$aBATCH-UPD$b40$c20060901$lBLL01$h0932
=CAT  \\$aBATCH-UPD$b40$c20060901$lBLL01$h1018
=CAT  \\$aBATCH-CLA$b00$c20121103$lBLL01$h1035
=CAT  \\$aBATCH-UPD$b00$c20121105$lBLL01$h1134
=CAT  \\$aWR13.005$c20130322$lBLL01$h1920
=CAT  \\$aWR14_140$c20140905$lBLL01$h1707
=CAT  \\$aBLDSS-3PM$b00$c20150111$lBLL01$h1514
=CAT  \\$aBATCH-UPD$b00$c20160413$lBLL01$h1759
=CAT  \\$aBATCH-UPD$b00$c20181024$lBLL01$h1740
=CAT  \\$aBATCH-UPD$b00$c20210126$lBLL01$h1418
=CAT  \\$aIPL-CLA$c20210126$lBLL01$h1446
=CFI  0\$aCurrent copyright fee: GBP0.00$c35\0$e26-jan-2021$fGBP0.00$g0$hP$5Uk
=CFI  2\$aPrevious copyright fee: GBP15.00$c33\0$e01-jan-2006$fGBP15.00$g0$hP$5Uk
=FFP  \\$aY$bBLDSS-3PM
=FIN  \\$aY
=FMT  \\$a  SE
=LAS  \\$aIPL-CLA$b00$c20210126$lBLL01$h1446
=LEO  \\$aMP10.0000612544
=SRC  \\$aDSS01$bbibmp10.200404.2.aa
=SRC  \\$aDSS04$bbibld.200404.2.aa
=TCO  \\$aCLA$bCLA$c008
=TOC  \\$aETOC
=UNO  \\$aY

