=LDR  01759 as a2200517 i 4500
=001  018640517
=003  Uk
=005  20190723121748.0
=007  ta
=008  171207c20199999stkfr\p\\\\\\\0\\\a0eng\\
=015  \\$aGBB9C5881$2bnb
=022  0\$a2516-1156$202
=040  \\$aUk$beng$cUk$erda
=042  \\$aissnuk$aukblsr
=082  04$a100$223
=222  \0$aAncient philosophy today$b(Print)
=245  00$aAncient philosophy today :$bDialogoi.
=264  \1$aEdinburgh :$bEdinburgh University Press Ltd,$c2019-
=300  \\$c24 cm
=310  \\$aSemiannual
=336  \\$atext$2rdacontent
=337  \\$aunmediated$2rdamedia
=338  \\$avolume$2rdacarrier
=362  0\$aVolume 1, number 1 (April 2019)-
=540  \\$aCurrent copyright fee: GBP15.00$c121\0$5Uk
=650  \0$aPhilosophy, Comparative$vPeriodicals.
=650  \0$aPhilosophy, Ancient$vPeriodicals.
=650  \0$aPhilosophy, Modern$vPeriodicals.
=776  08$iAlso issued online as:$tAncient philosophy today$x2516-1164
=852  41$aBritish Library$bHMNTS
=856  \\$31850-9999$uhttp://www.euppublishing.com/journals$xBLDSS
=945  \\$aAncient philosophy today.
=979  \\$aBritish Library$bDSC$j0900.325410N
=CAT  \\$a11205$b40$c20171207$lBLL01$h1208
=CAT  \\$a5552$b40$c20180803$lBLL01$h1127
=CAT  \\$aBLDSS-3PM$b00$c20180806$lBLL01$h1110
=CAT  \\$aBATCH-UPD$b00$c20180806$lBLL01$h1112
=CAT  \\$a10973$b40$c20190617$lBLL01$h1139
=CAT  \\$a10969$b40$c20190723$lBLL01$h1217
=CFI  0\$aCurrent copyright fee: GBP15.00$c121\0$e01-jan-2017$fGBP15.00$g0$hP$5Uk
=FFP  \\$aY$bBLDSS-3PM
=FIN  \\$aY$d20190617
=FMT  \\$a  SE
=LAS  \\$a10969$b40$c20190723$lBLL01$h1217
=LET  \0$aAncient philosophy today (Print)
=UNO  \\$aY

