=LDR  03090cas a22007577i 4500
=001  016497930
=003  Uk
=005  20230930081033.0
=007  ta
=008  130916c20079999xxutr\p\\\\\\\0\\\a0eng\\
=022  0\$a1937-5247
=040  \\$aUk$beng$cUk$erda
=222  \0$aDFI journal
=245  00$aDFI journal.
=264  \1$aHawthorne, NJ :$bDeep Foundations Institute
=264  31$a[United States] :$bTaylor & Francis
=310  \\$aThree times a year
=336  \\$atext$2rdacontent
=337  \\$aunmediated$2rdamedia
=338  \\$avolume$2rdacarrier
=540  \\$aCurrent copyright fee: GBP43.00$c2\0$5Uk
=588  \\$aLatest issue consulted: vol. 10, no. 3 (2016).
=852  41$aBritish Library$bHMNTS
=856  \\$31850-9999$uhttp://maneypublishing.com/$xBLDSS
=945  \\$aDFI journal.
=979  \\$aBritish Library$bDSC$j3579.258000N
=985  \\$aISSN RDA COMPLETION - TO BE CATALOGUED BY RDA TRAINED CATALOGUERS.
=ACF  \\$aPrevious copyright fee: GBP30.00$c47\0$e01-jan-2014$fGBP30.00$g0$hP$5Uk
=ACF  \\$aPrevious copyright fee: GBP34.00$c47\0$e01-jan-2016$fGBP34.00$g0$hP$5Uk
=ACF  \\$aPrevious copyright fee: GBP33.00$c47\0$e01-jan-2017$fGBP33.00$g0$hP$5Uk
=ACF  \\$aPrevious copyright fee: GBP31.00$c47\0$e01-apr-2016$fGBP31.00$g0$hP$5Uk
=ACF  \\$aPrevious copyright fee: GBP37.00$c47\0$e15-jan-2019$fGBP37.00$g0$hP$5Uk
=ACF  \\$aPrevious copyright fee: GBP39.00$c47\0$e01-jan-2020$fGBP39.00$g0$hP$5Uk
=ACF  \\$aPrevious copyright fee: GBP41.00$c47\0$e01-jan-2021$fGBP41.00$g0$hP$5Uk
=CAT  \\$a11130$b40$c20130916$lBLL01$h1044
=CAT  \\$a11130$b40$c20130916$lBLL01$h1102
=CAT  \\$a5552$b40$c20131009$lBLL01$h1126
=CAT  \\$aIPL-CLA$c20140101$lBLL01$h0215
=CAT  \\$aBLDSS-3PM$b00$c20141208$lBLL01$h1628
=CAT  \\$aBATCH-UPD$b00$c20151119$lBLL01$h1602
=CAT  \\$aIPL-CLA$c20151231$lBLL01$h1935
=CAT  \\$a5552$b40$c20160301$lBLL01$h1333
=CAT  \\$aIPL-CLA$c20160331$lBLL01$h1813
=CAT  \\$aBATCH-UPD$b00$c20160413$lBLL01$h1827
=CAT  \\$aBATCH-UPD$b00$c20161122$lBLL01$h1546
=CAT  \\$aBATCH-UPD$b00$c20161122$lBLL01$h1824
=CAT  \\$aIPL-CLA$c20161231$lBLL01$h0013
=CAT  \\$a5552$b40$c20170130$lBLL01$h1337
=CAT  \\$a10806$b40$c20170405$lBLL01$h1546
=CAT  \\$a10806$b40$c20170405$lBLL01$h1548
=CAT  \\$a5552$b40$c20190115$lBLL01$h0843
=CAT  \\$aBATCH-UPD$b40$c20191122$lBLL01$h1917
=CAT  \\$aIPL-CLA$c20191231$lBLL01$h2035
=CAT  \\$aBATCH-UPD$b00$c20201118$lBLL01$h1351
=CAT  \\$aIPL-CLA$c20201231$lBLL01$h1532
=CAT  \\$aBATCH-UPD$b00$c20221121$lBLL01$h1426
=CAT  \\$aIPL-CLA$c20221231$lBLL01$h1452
=CAT  \\$aR2308-1440$c20230824$lBLL01$h0930
=CAT  \\$aIPL-CLA$c20230930$lBLL01$h0810
=CFI  0\$aCurrent copyright fee: GBP43.00$c2\0$e01-oct-2023$fGBP43.00$g0$hP$5Uk
=CFI  2\$aPrevious copyright fee: GBP43.00$c47\0$e01-jan-2023$fGBP43.00$g0$hP$5Uk
=FFP  \\$aY$bBLDSS-3PM
=FIN  \\$aY$d20170405
=FMT  \\$a  SE
=LAS  \\$aIPL-CLA$b00$c20230930$lBLL01$h0810
=TOC  \\$aETOC

