=LDR  01703cas a22004457a 4500
=001  016541218
=003  Uk
=005  20211231154602.0
=008  131112c\\\\9999\\\\\\p\\\\\\\0\\\a0eng\\
=022  \\$a2213-6657
=040  \\$aUk$beng$cUk
=245  00$aAnalytic methods in accident research.
=260  \\$aAmsterdam :$bElsevier
=336  \\$atext$2rdacontent
=337  \\$aunmediated$2rdamedia
=338  \\$avolume$2rdacarrier
=540  \\$aCurrent copyright fee: GBP34.30$c5\1$5Uk
=590  \\$aRoute FAILED DSC EXTENDED searches to Records Team
=852  41$aBritish Library$bHMNTS
=856  \\$31850-9999$uhttp://www.elsevier.com/journals$xBLDSS
=945  \\$aAnalytic methods in accident research
=979  \\$aBritish Library$bDSC$j0894.100000N
=ACF  \\$aPrevious copyright fee: GBP22.50$c5\1$e12-nov-2013$fGBP22.50$g0$hP$5Uk
=ACF  \\$aPrevious copyright fee: GBP23.40$c5\1$e01-jan-2018$fGBP23.40$g0$hP$5Uk
=CAT  \\$a5552$b40$c20131112$lBLL01$h0932
=CAT  \\$a8409$b40$c20131118$lBLL01$h1116
=CAT  \\$aBLDSS-3PM$b00$c20141222$lBLL01$h1721
=CAT  \\$aBATCH-UPD$b00$c20171121$lBLL01$h1754
=CAT  \\$aBATCH-UPD$b00$c20171122$lBLL01$h0052
=CAT  \\$aIPL-CLA$c20171231$lBLL01$h1821
=CAT  \\$aBATCH-UPD$b00$c20190521$lBLL01$h1446
=CAT  \\$aIPL-CLA$c20190630$lBLL01$h1547
=CAT  \\$aBATCH-UPD$b00$c20211119$lBLL01$h1602
=CAT  \\$aIPL-CLA$c20211231$lBLL01$h1546
=CFI  0\$aCurrent copyright fee: GBP34.30$c5\1$e01-jan-2022$fGBP34.30$g0$hP$5Uk
=CFI  2\$aPrevious copyright fee: GBP32.84$c5\1$e01-jul-2019$fGBP32.84$g0$hP$5Uk
=FFP  \\$aY$bBLDSS-3PM
=FMT  \\$a  SE
=LAS  \\$aIPL-CLA$b00$c20211231$lBLL01$h1546
=TOC  \\$aETOC

