=LDR  02531cas a2200661 i 4500
=001  016541412
=003  Uk
=005  20211231154602.0
=007  ta
=008  131112c20139999si\||\p\\\\\\\0\\\a0eng\\
=010  \\$a  2014243273
=022  \\$a2214-031X$l2214-031X
=035  \\$a(OCoLC)874118641
=040  \\$aNLM$beng$cNLM$dOCLCO$dDLC$erda
=042  \\$apcc
=060  00$aW1$bJO804SK
=245  00$aJournal of orthopaedic translation.
=246  1\$aJOT
=264  \1$aSingapore :$bElsevier,$c[2013]-
=310  \\$aQuarterly
=336  \\$atext$2rdacontent
=337  \\$aunmediated$2rdamedia
=338  \\$avolume$2rdacarrier
=362  1\$aBegan with Volume 1, issue 1 (October 2013).
=530  \\$aAlso issued online.
=540  \\$aCurrent copyright fee: GBP34.30$c5\1$5Uk
=588  \\$aDescription based on: Volume 1, issue 1 (October 2013); title from cover.
=588  \\$aLatest issue consulted: Volume 1, issue 1 (October 2013).
=590  \\$aRoute FAILED DSC EXTENDED searches to Records Team
=650  \0$aOrthopedics$vPeriodicals.
=710  2\$aHua yi gu ke xue hui,$eissuing body.
=710  2\$aInternational Chinese Musculoskeletal Research Society,$eissuing body.
=852  41$aBritish Library$bHMNTS
=856  \\$31850-9999$uhttp://www.elsevier.com/journals$xBLDSS
=945  \\$aJournal of orthopaedic translation
=979  \\$aBritish Library$bDSC$j5027.674000N
=ACF  \\$aPrevious copyright fee: GBP22.50$c5\1$e12-nov-2013$fGBP22.50$g0$hP$5Uk
=ACF  \\$aPrevious copyright fee: GBP23.40$c5\1$e01-jan-2018$fGBP23.40$g0$hP$5Uk
=CAT  \\$a5552$b40$c20131112$lBLL01$h1402
=CAT  \\$a8456$b40$c20140819$lBLL01$h1142
=CAT  \\$a8456$b40$c20140819$lBLL01$h1143
=CAT  \\$aBLDSS-3PM$b00$c20141222$lBLL01$h1721
=CAT  \\$aBATCH-UPD$b00$c20150914$lBLL01$h0443
=CAT  \\$aBATCH-UPD$b00$c20160413$lBLL01$h1827
=CAT  \\$aBATCH-UPD$b00$c20171121$lBLL01$h1754
=CAT  \\$aBATCH-UPD$b00$c20171122$lBLL01$h0052
=CAT  \\$aIPL-CLA$c20171231$lBLL01$h1821
=CAT  \\$aBATCH-UPD$b00$c20190521$lBLL01$h1446
=CAT  \\$aIPL-CLA$c20190630$lBLL01$h1547
=CAT  \\$aBATCH-UPD$b00$c20211119$lBLL01$h1602
=CAT  \\$aIPL-CLA$c20211231$lBLL01$h1546
=CFI  0\$aCurrent copyright fee: GBP34.30$c5\1$e01-jan-2022$fGBP34.30$g0$hP$5Uk
=CFI  2\$aPrevious copyright fee: GBP32.84$c5\1$e01-jul-2019$fGBP32.84$g0$hP$5Uk
=FFP  \\$aY$bBLDSS-3PM
=FMT  \\$a  SE
=LAS  \\$aIPL-CLA$b00$c20211231$lBLL01$h1546
=SID  \\$aZ39$bOCLC
=TOC  \\$aETOC

