=LDR  02558cas a22006133i 4500
=001  016600874
=003  Uk
=005  20221231232620.0
=007  ta
=008  140110c\\\\9999\\\|\|p\\\\\\\\\\\a0\\\\\
=022  \\$y2326-8263
=245  \0$aVoice and Speech Review.
=264  \1$aAbingdon :$bRoutledge.
=336  \\$atext$2rdacontent
=337  \\$aunmediated$2rdamedia
=338  \\$avolume$2rdacarrier
=540  \\$aCurrent copyright fee: GBP37.00$c2\0$5Uk
=852  41$aBritish Library$bHMNTS$3title now taken as electronic copy only
=856  \\$31850-9999$uhttp://www.tandfonline.com/$xBLDSS
=945  \\$aVoice and speech review.
=979  \\$aBritish Library$bDSC$j9251.424200N
=ACF  \\$aPrevious copyright fee: GBP25.00$c2\0$e27-feb-2015$fGBP25.00$g0$hP$5Uk
=ACF  \\$aPrevious copyright fee: GBP26.00$c2\0$e01-jan-2016$fGBP26.00$g0$hP$5Uk
=ACF  \\$aPrevious copyright fee: GBP28.00$c2\0$e01-jan-2017$fGBP28.00$g0$hP$5Uk
=ACF  \\$aPrevious copyright fee: GBP30.00$c2\0$e01-jan-2018$fGBP30.00$g0$hP$5Uk
=ACF  \\$aPrevious copyright fee: GBP32.00$c2\0$e01-jan-2019$fGBP32.00$g0$hP$5Uk
=ACF  \\$aPrevious copyright fee: GBP34.00$c2\0$e01-jan-2020$fGBP34.00$g0$hP$5Uk
=CAT  \\$a8478$b40$c20140110$lBLL01$h1530
=CAT  \\$a5552$b40$c20150227$lBLL01$h1352
=CAT  \\$aBLDSS-3PM$b00$c20150513$lBLL01$h0807
=CAT  \\$aBATCH-UPD$b00$c20151119$lBLL01$h1546
=CAT  \\$aIPL-CLA$c20151231$lBLL01$h1935
=CAT  \\$aBATCH-UPD$b00$c20160413$lBLL01$h1827
=CAT  \\$a10973$b40$c20160503$lBLL01$h1150
=CAT  \\$aBATCH-UPD$b40$c20161122$lBLL01$h1515
=CAT  \\$aBATCH-UPD$b40$c20161122$lBLL01$h1626
=CAT  \\$aIPL-CLA$c20161231$lBLL01$h0015
=CAT  \\$a5552$b40$c20170210$lBLL01$h0851
=CAT  \\$a5410$b40$c20170221$lBLL01$h1331
=CAT  \\$aBATCH-UPD$b40$c20171121$lBLL01$h1650
=CAT  \\$aIPL-CLA$c20171231$lBLL01$h1822
=CAT  \\$aBATCH-UPD$b00$c20181217$lBLL01$h1641
=CAT  \\$aIPL-CLA$c20181231$lBLL01$h1553
=CAT  \\$aBATCH-UPD$b00$c20191122$lBLL01$h1903
=CAT  \\$aIPL-CLA$c20191231$lBLL01$h2037
=CAT  \\$aBATCH-UPD$b00$c20201118$lBLL01$h1336
=CAT  \\$aIPL-CLA$c20201231$lBLL01$h2339
=CAT  \\$aBATCH-UPD$b00$c20221121$lBLL01$h1350
=CAT  \\$aIPL-CLA$c20221231$lBLL01$h2326
=CFI  0\$aCurrent copyright fee: GBP37.00$c2\0$e01-jan-2023$fGBP37.00$g0$hP$5Uk
=CFI  2\$aPrevious copyright fee: GBP35.00$c2\0$e01-jan-2021$fGBP35.00$g0$hP$5Uk
=FFP  \\$aY$bBLDSS-3PM
=FMT  \\$a  SE
=LAS  \\$aIPL-CLA$b00$c20221231$lBLL01$h2326

