=LDR  01889cas a22004813i 4500
=001  016602372
=003  Uk
=005  20211231154613.0
=008  140114c\\\\9999\\\|\|p\\\\\\\\\\\a0eng\\
=022  \\$a2214-5796
=245  \0$aBig data research.
=264  \1$aAmsterdam :$bElsevier.
=336  \\$atext$2rdacontent
=337  \\$aunmediated$2rdamedia
=338  \\$avolume$2rdacarrier
=540  \\$aCurrent copyright fee: GBP34.30$c5\1$5Uk
=852  41$aBritish Library$bHMNTS
=856  \\$31850-9999$uhttp://www.sciencedirect.com/$xBLDSS
=883  0\$aLanguage codes assigned by Bayesian analysis of words present in record$d20201028$qUk$c0.9010
=945  \\$aBig data research.
=979  \\$aBritish Library$bDSC$j2057.259555N
=985  \\$aUpgraded by BSS-generated file for WR2011-1472
=ACF  \\$aPrevious copyright fee: GBP22.50$c5\1$e12-feb-2016$fGBP22.50$g0$hP$5Uk
=ACF  \\$aPrevious copyright fee: GBP23.40$c5\1$e01-jan-2018$fGBP23.40$g0$hP$5Uk
=CAT  \\$a8478$b40$c20140114$lBLL01$h0839
=CAT  \\$aFIX-001$c20151007$lBLL01$h1809
=CAT  \\$a5552$b40$c20160212$lBLL01$h1316
=CAT  \\$aBLDSS-3PM$b00$c20160215$lBLL01$h1032
=CAT  \\$aBATCH-UPD$b00$c20160413$lBLL01$h1827
=CAT  \\$a5552$b40$c20161202$lBLL01$h1053
=CAT  \\$aBATCH-UPD$b40$c20171121$lBLL01$h1755
=CAT  \\$aIPL-CLA$c20171231$lBLL01$h1822
=CAT  \\$aBATCH-UPD$b00$c20190521$lBLL01$h1446
=CAT  \\$aIPL-CLA$c20190630$lBLL01$h1547
=CAT  \\$aW2011-1472$b00$c20201127$lBLL01$h1833
=CAT  \\$aBATCH-UPD$b00$c20211119$lBLL01$h1602
=CAT  \\$aIPL-CLA$c20211231$lBLL01$h1546
=CFI  0\$aCurrent copyright fee: GBP34.30$c5\1$e01-jan-2022$fGBP34.30$g0$hP$5Uk
=CFI  2\$aPrevious copyright fee: GBP32.84$c5\1$e01-jul-2019$fGBP32.84$g0$hP$5Uk
=FFP  \\$aY$bBLDSS-3PM
=FMT  \\$a  SE
=LAS  \\$aIPL-CLA$b00$c20211231$lBLL01$h1546
=TOC  \\$aETOC

