=LDR  01435 as a22003973i 4500
=001  016602377
=003  Uk
=005  20200417184654.0
=008  140114c\\\\9999\\\|\|p\\\\\\\\\\\a0eng\\
=022  \\$a2214-5818
=245  \0$aJournal of hydrology regional studies.
=264  \1$aAmsterdam :$bElsevier.
=336  \\$atext$2rdacontent
=337  \\$aunmediated$2rdamedia
=338  \\$avolume$2rdacarrier
=540  \\$aCurrent copyright fee: zero$c5\1$5Uk
=852  41$aBritish Library$bHMNTS
=856  \\$31850-9999$uhttp://www.sciencedirect.com/$xBLDSS
=945  \\$aJournal of hydrology regional studies.
=979  \\$aBritish Library$bDSC$j5003.760000N
=985  \\$aUpgraded by BSS-generated file for WR1910-0531
=CAT  \\$a8478$b40$c20140114$lBLL01$h0845
=CAT  \\$aFIX-001$c20151007$lBLL01$h1809
=CAT  \\$a5552$b40$c20160212$lBLL01$h1318
=CAT  \\$a5552$b40$c20160212$lBLL01$h1321
=CAT  \\$aBLDSS-3PM$b00$c20160215$lBLL01$h1032
=CAT  \\$aBATCH-UPD$b00$c20160413$lBLL01$h1827
=CAT  \\$a5552$b40$c20160503$lBLL01$h1349
=CAT  \\$a5552$b40$c20161122$lBLL01$h0836
=CAT  \\$aW1910-0531$b00$c20200417$lBLL01$h1846
=CFI  0\$aCurrent copyright fee: zero$c5\1$e03-may-2016$fGBP0.00$g0$hP$5Uk
=CFI  2\$aPrevious copyright fee: GBP22.50$c5\1$e12-feb-2016$fGBP22.50$g0$hP$5Uk
=FFP  \\$aY$bBLDSS-3PM
=FMT  \\$a  SE
=LAS  \\$aW1910-0531$b00$c20200417$lBLL01$h1846
=TOC  \\$aETOC

