=LDR  02464 as a2200637 i 4500
=001  016776999
=003  Uk
=005  20170516093352.0
=007  ta
=008  140709c20159999enkqx\p\\\\\\\0\\\a0eng\\
=015  \\$aGBB535423$2bnb
=022  0\$a2056-4961$202
=040  \\$aUk$beng$cUk$erda
=042  \\$aukblsr$aissnuk
=082  04$a658.47$223
=222  \0$aInformation & computer security$b(Print)
=245  00$aInformation & computer security.
=246  3\$aInformation and computer security
=246  13$aICS
=264  \1$aBingley :$bEmerald Group Publishing Limited,$c2015-
=300  \\$billustrations (black and white) ;$c24 cm
=310  \\$aFive times a year
=336  \\$atext$2rdacontent
=337  \\$aunmediated$2rdamedia
=338  \\$avolume$2rdacarrier
=362  0\$aVolume 23, number 1 (2015)-
=540  \\$aCurrent Copyright Fee: GBP30.00$c25\0$5Uk
=650  \0$aComputer security$xManagement$vPeriodicals.
=650  \0$aComputer networks$xSecurity measures$vPeriodicals.
=650  \0$aData protection$xManagement$vPeriodicals.
=690  7\$aManagement and Business Studies$2blcoll
=776  08$iAlso issued online as:$tInformation and computer security$x2056-497X
=780  00$tInformation management & computer security$x0968-5227
=852  41$aBritish Library$bSTI
=856  \\$31850-9999$uhttp://www.emeraldinsight.com/$xBLDSS
=945  \\$aInformation and computer security.
=979  \\$aBritish Library$bDSC$j4481.780000N
=CAT  \\$a11313$b40$c20140709$lBLL01$h1151
=CAT  \\$a11316$b40$c20150213$lBLL01$h1406
=CAT  \\$a11205$b40$c20150312$lBLL01$h0958
=CAT  \\$a11205$b40$c20150312$lBLL01$h0959
=CAT  \\$a5552$b40$c20151111$lBLL01$h1123
=CAT  \\$aBLDSS-3PM$b00$c20151123$lBLL01$h1623
=CAT  \\$aBATCH-UPD$b00$c20160413$lBLL01$h1828
=CAT  \\$a5552$b40$c20170516$lBLL01$h0933
=CAT  \\$aBATCH-MBS$c20170519$lBLL01$h2125
=CFI  0\$aCurrent copyright fee: GBP30.00$c25\0$e11-nov-2015$fGBP30.00$g0$hP$5Uk
=FFP  \\$aY$bBLDSS-3PM
=FIN  \\$aY$d20150312
=FMT  \\$a  SE
=LAS  \\$aBATCH-MBS$b00$c20170519$lBLL01$h2125
=LET  \0$aInformation & computer security (Print)
=LKR  \\$aPAR$b009851408$lBLL01$nInformation management & computer security$mInformation & computer security$r78000
=LKR  \\$aPAR$b016777006$lBLL01$nInformation and computer security (Online)$mInformation & computer security (Print)$r776
=TOC  \\$aETOC
=UNO  \\$aY

