=LDR  04588 as a2201057 a 4500
=001  013755248
=003  Uk
=005  20120410141737.0
=007  ta
=008  040409d19691971nyuqr\p\\\\\\\0\\\a0eng\\
=019  0\$as131815008
=022  0\$a0010-4892
=040  \\$aUk$cUk
=082  04$a004.1$221
=084  \\$aPL 50$2blsrissc
=210  0\$aComput. surv.
=222  \0$aComputing surveys
=245  00$aComputing surveys.
=260  \\$a[Baltimore,$bAssociation for Computing Machinery]
=300  \\$a3 v.$c26 cm.
=310  \\$aQuarterly
=336  \\$atext$2rdacontent
=337  \\$aunmediated$2rdamedia
=338  \\$avolume$2rdacarrier
=362  0\$av. 1-3, no. 1; Mar. 1969-Mar. 1971.
=500  \\$a"The survey and tutorial journal of the ACM."
=540  \\$aCurrent Copyright Fee: GBP10.00$c65\0$5Uk
=595  \\$aFor DSC stock see sys 012403589.
=650  \0$aElectronic digital computers$vPeriodicals.
=710  2\$aAssociation for Computing Machinery.
=785  00$tACM computing surveys$x0360-0300
=852  49$aBritish Library$bDSC$3See shelfmark 3395.130000 for vol. 1, 1969- *A=1
=852  71$aBritish Library$bSTI$k(P)$hPL 50$m-E(95)$2blsrissc$3Vol. 1, 1969-1971
=856  \\$31850-9999$uhttp://www.acm.org/$xBLDSS
=963  \\$aVOL. 1, 1969- *A=1$bY$cL420.C.185
=964  \\$aVOL. 1, 1969- *A=1$c681.3$dO$eJC7963
=ACF  \\$aPrevious Copyright Fee: GBP6.00$c0$e01-jan-2012$fGBP6.00$g0$hC$5Uk
=ACF  \\$aPrevious Copyright Fee: GBP6.00$c0$e01-oct-2011$fGBP6.00$g0$hC$5Uk
=ACF  \\$aPrevious Copyright Fee: GBP6.00$c0$e01-jul-2011$fGBP6.00$g0$hC$5Uk
=ACF  \\$aPrevious Copyright Fee: GBP6.00$c0$e01-jan-2011$fGBP6.00$g0$hC$5Uk
=ACF  \\$aPrevious Copyright Fee: GBP6.00$c0$e01-oct-2010$fGBP6.00$g0$hC$5Uk
=ACF  \\$aPrevious Copyright Fee: GBP6.00$c0$e01-jul-2010$fGBP6.00$g0$hC$5Uk
=ACF  \\$aPrevious Copyright Fee: GBP6.00$c0$e01-apr-2010$fGBP6.00$g0$hC$5Uk
=ACF  \\$aPrevious Copyright Fee: GBP6.00$c0$e01-Jan-2010$fGBP6.00$g0$hC$5Uk
=ACF  \\$aPrevious Copyright Fee: GBP6.00$c0$e01-oct-2009$fGBP6.00$g0$hC$5Uk
=ACF  \\$aPrevious Copyright Fee: GBP7.14$c0$e01-jul-2009$fGBP7.14$g0$hC$5Uk
=ACF  \\$aPrevious Copyright Fee: GBP3.57$c0$e01-apr-2009$fGBP3.57$g0$hC$5Uk
=ACF  \\$aPrevious Copyright Fee: GBP3.13$c0$e01-jan-2009$fGBP3.13$g0$hC$5Uk
=ACF  \\$aPrevious Copyright Fee: GBP2.50$c0$e01-oct-2008$fGBP2.50$g0$hC$5Uk
=ACF  \\$aPrevious Copyright Fee: GBP2.50$c0$e01-jul-2008$fGBP2.50$g0$hC$5Uk
=ACF  \\$aPrevious Copyright Fee: GBP2.50$c0$e01-apr-2008$fGBP2.50$g0$hC$5Uk
=ACF  \\$aPrevious Copyright Fee: GBP2.50$c0$e01-jan-2008$fGBP2.50$g0$hC$5Uk
=ACF  \\$aPrevious Copyright Fee: GBP2.50$c0$e01-oct-2007$fGBP2.50$g0$hC$5Uk
=ACF  \\$aPrevious Copyright Fee: GBP2.50$c0$e01-jul-2007$fGBP2.50$g0$hC$5Uk
=CAT  \\$a8456$b40$c20070529$lBLL01$h1157
=CAT  \\$aBATCH-UPD$b00$c20100401$lBLL01$h0259
=CAT  \\$aBATCH$b00$c20100401$lBLL01$h0603
=CAT  \\$aBATCH$b00$c20100401$lBLL01$h1636
=CAT  \\$aBATCH-CLA$b00$c20100602$lBLL01$h1422
=CAT  \\$aBATCH-UPD$b00$c20100630$lBLL01$h1936
=CAT  \\$aBATCH-UPD$b00$c20100630$lBLL01$h2003
=CAT  \\$aIPL-CLA$c20100630$lBLL01$h2030
=CAT  \\$aBATCH-CLA$b00$c20100831$lBLL01$h1540
=CAT  \\$aIPL-CLA$c20100930$lBLL01$h1529
=CAT  \\$aBATCH-CLA$b00$c20101115$lBLL01$h1608
=CAT  \\$aIPL-CLA$c20101231$lBLL01$h1522
=CAT  \\$aBATCH-CLA$b00$c20110531$lBLL01$h1649
=CAT  \\$aIPL-CLA$c20110630$lBLL01$h1547
=CAT  \\$aBATCH-CLA$b00$c20110831$lBLL01$h1808
=CAT  \\$aIPL-CLA$c20110930$lBLL01$h1551
=CAT  \\$aBATCH-CLA$b00$c20111130$lBLL01$h1221
=CAT  \\$aIPL-CLA$c20111230$lBLL01$h2027
=CAT  \\$aBATCH-CLA$b00$c20120229$lBLL01$h1634
=CAT  \\$aIPL-CLA$c20120330$lBLL01$h1438
=CAT  \\$a5552$b40$c20120410$lBLL01$h1417
=CAT  \\$aBATCH-UPD$b40$c20121105$lBLL01$h1142
=CAT  \\$aBATCH-CLA$b00$c20121109$lBLL01$h1725
=CAT  \\$aBLDSS-3PM$b00$c20150131$lBLL01$h2313
=CAT  \\$aBATCH-UPD$b00$c20160413$lBLL01$h1821
=CAT  \\$aBATCH-UPD$b00$c20210119$lBLL01$h2034
=CFI  0\$aCurrent copyright fee: GBP10.00$c65\0$e10-apr-2012$fGBP10.00$g0$hP$5Uk
=CFI  2\$aPrevious Copyright Fee: GBP9.68$c0$e01-apr-2012$fGBP9.68$g0$hC$5Uk
=FFP  \\$aY$bBLDSS-3PM
=FIN  \\$aY$d20070529
=FMT  \\$a  SE
=LAS  \\$aBATCH-UPD$b00$c20210119$lBLL01$h2034
=LEO  \\$aMP25.0000034007
=SRC  \\$aSRI01$bbibmp25.200404.2.aa
=TCO  \\$aTRS$bCCC$c008
=TOC  \\$aETOC
=UNO  \\$aY

