=LDR  05507cas a2201189 a 4500
=001  015377334
=003  Uk
=005  20221231145009.0
=007  ta
=008  950124c19959999paumr\p\\\\\\\0\\\a0eng\d
=010  \\$a95640299$zsn 95038217
=022  \\$a1096-2247$y1047-3289$21
=030  \\$aJAWAFC
=035  \\$a(OCoLC)ocm31878293
=040  \\$aCoG$cCoG$dDNLM$dWaU$dOUCA$dN$dDLC$dDNAL$dInU$dNSDP$dMCM$dDNAL$dWaU$dMH$dOCoLC$dInU$dNLGGC$dDLC$dUk
=042  \\$alc$ansdp
=050  00$aTD883$b.A48
=060  00$aW1$bAI701H
=070  0\$aTD172.J68
=072  \0$aW000
=082  00$a628.5305$220
=130  0\$aJournal of the Air & Waste Management Association (1995)
=210  0\$aJ. Air Waste Manage. Assoc.$b(1995)
=222  \0$aJournal of the Air & Waste Management Association$b(1995)
=245  10$aJournal of the Air & Waste Management Association.
=246  3\$aJournal of the Air and Waste Management Association
=260  \\$aPittsburgh, PA :$bAir and Waste Management Association,$c[1995?-
=300  \\$av. :$bill. ;$c29 cm.
=310  \\$aMonthly
=336  \\$atext$2rdacontent
=337  \\$aunmediated$2rdamedia
=338  \\$avolume$2rdacarrier
=362  0\$aVol. 45, no. 1 (Jan. 1995)-
=500  \\$aTitle from cover.
=500  \\$aLatest issue consulted: Vol. 46, 2 (Feb. 1996).
=510  2\$aChemical abstracts$x0009-2258
=525  \\$aSpecial issues accompany some vols.
=540  \\$aCurrent copyright fee: GBP43.00$c2\0$5Uk
=650  \0$aAir$xPollution$vPeriodicals.
=650  \0$aAir quality management$vPeriodicals.
=650  \0$aHazardous wastes$xManagement$vPeriodicals.
=710  2\$aAir & Waste Management Association.
=776  0\$tJournal of the Air & Waste Management Association (1995 : Online)$x2162-2906
=780  00$tAir & waste$x1073-161X
=852  71$aBritish Library$bSTI$k(P)$hSP 50$m-E(4)$2blsrissc$31989- ; Vol.39- ; Deficient: vol.39, no.2-12, 1989; Vol.43, no.5-11, 1994
=852  49$aBritish Library$bDSC$3See shelfmark 4682.450000 for vol. 40, 1990- 42, 1992; 45, 1995-
=856  \\$31850-9999$uhttp://www.tandfonline.com/$xBLDSS
=ACF  \\$aPrevious copyright fee: GBP21.00$c2\0$e28-oct-2011$fGBP21.00$g0$hP$5Uk
=ACF  \\$aPrevious Copyright Fee: GBP2.40$c0$e01-oct-2011$fGBP2.40$g0$hC$5Uk
=ACF  \\$aPrevious Copyright Fee: GBP2.40$c0$e01-jul-2011$fGBP2.40$g0$hC$5Uk
=ACF  \\$aPrevious Copyright Fee: GBP2.40$c0$e01-jan-2011$fGBP2.40$g0$hC$5Uk
=ACF  \\$aPrevious Copyright Fee: GBP2.40$c0$e01-oct-2010$fGBP2.40$g0$hC$5Uk
=ACF  \\$aPrevious Copyright Fee: GBP2.40$c0$e01-jul-2010$fGBP2.40$g0$hC$5Uk
=ACF  \\$aPrevious Copyright Fee: GBP2.40$c0$e01-apr-2010$fGBP2.40$g0$hC$5Uk
=ACF  \\$aPrevious Copyright Fee: GBP2.40$c0$e01-Jan-2010$fGBP2.40$g0$hC$5Uk
=ACF  \\$aPrevious copyright fee: GBP23.00$c2\0$e01-jan-2012$fGBP23.00$g0$hP$5Uk
=ACF  \\$aPrevious copyright fee: GBP27.00$c2\0$e09-nov-2012$fGBP27.00$g0$hP$5Uk
=ACF  \\$aPrevious copyright fee: GBP27.50$c2\0$e01-jan-2013$fGBP27.50$g0$hP$5Uk
=ACF  \\$aPrevious copyright fee: GBP28.00$c2\0$e01-jan-2014$fGBP28.00$g0$hP$5Uk
=ACF  \\$aPrevious copyright fee: GBP30.00$c2\0$e01-jan-2015$fGBP30.00$g0$hP$5Uk
=ACF  \\$aPrevious copyright fee: GBP34.00$c2\0$e01-jan-2016$fGBP34.00$g0$hP$5Uk
=ACF  \\$aPrevious copyright fee: GBP31.00$c2\0$e01-apr-2016$fGBP31.00$g0$hP$5Uk
=ACF  \\$aPrevious copyright fee: GBP33.00$c2\0$e01-jan-2017$fGBP33.00$g0$hP$5Uk
=ACF  \\$aPrevious copyright fee: GBP35.00$c2\0$e01-jan-2018$fGBP35.00$g0$hP$5Uk
=ACF  \\$aPrevious copyright fee: GBP37.00$c2\0$e01-jan-2019$fGBP37.00$g0$hP$5Uk
=ACF  \\$aPrevious copyright fee: GBP39.00$c2\0$e01-jan-2020$fGBP39.00$g0$hP$5Uk
=CAT  \\$a8201$b40$c20090923$lBLL01$h1600
=CAT  \\$aIPL-CLA$c20121231$lBLL01$h1327
=CAT  \\$aIPL-CLA$c20130102$lBLL01$h1800
=CAT  \\$aBATCH-UPD$b00$c20131119$lBLL01$h1953
=CAT  \\$aIPL-CLA$c20140101$lBLL01$h0122
=CAT  \\$aBATCH-UPD$b00$c20141124$lBLL01$h1755
=CAT  \\$aBLDSS-3PM$b00$c20141130$lBLL01$h1250
=CAT  \\$aIPL-CLA$c20141231$lBLL01$h1700
=CAT  \\$aBATCH-UPD$b00$c20151119$lBLL01$h1535
=CAT  \\$aIPL-CLA$c20151231$lBLL01$h1931
=CAT  \\$a5552$b40$c20160303$lBLL01$h1045
=CAT  \\$aIPL-CLA$c20160331$lBLL01$h1756
=CAT  \\$aBATCH-UPD$b00$c20160413$lBLL01$h1824
=CAT  \\$aBATCH-UPD$b00$c20161122$lBLL01$h1506
=CAT  \\$aBATCH-UPD$b00$c20161122$lBLL01$h1540
=CAT  \\$aIPL-CLA$c20161230$lBLL01$h2335
=CAT  \\$aBATCH-UPD$b00$c20171121$lBLL01$h1656
=CAT  \\$aIPL-CLA$c20171231$lBLL01$h1755
=CAT  \\$aBATCH-UPD$b00$c20181217$lBLL01$h1645
=CAT  \\$aIPL-CLA$c20181231$lBLL01$h1549
=CAT  \\$aBATCH-UPD$b00$c20191122$lBLL01$h1907
=CAT  \\$aIPL-CLA$c20191231$lBLL01$h2020
=CAT  \\$aBATCH-UPD$b00$c20201118$lBLL01$h1341
=CAT  \\$aIPL-CLA$c20201231$lBLL01$h1531
=CAT  \\$aBATCH-UPD$b00$c20221121$lBLL01$h1340
=CAT  \\$aIPL-CLA$c20221231$lBLL01$h1450
=CFI  0\$aCurrent copyright fee: GBP43.00$c2\0$e01-jan-2023$fGBP43.00$g0$hP$5Uk
=CFI  2\$aPrevious copyright fee: GBP41.00$c2\0$e01-jan-2021$fGBP41.00$g0$hP$5Uk
=FFP  \\$aY$bBLDSS-3PM
=FIN  \\$aY$d20090923
=FMT  \\$a  SE
=LAS  \\$aIPL-CLA$b00$c20221231$lBLL01$h1450
=LKR  \\$aPAR$b009825700$lBLL01$r78000$mJournal of the Air & Waste Management Association (1995)$nAir & waste
=SID  \\$aZ39$bLOC
=TCO  \\$aTRS$bCCC$c008
=TOC  \\$aETOC

