=LDR  02125cas a2200601 a 4500
=001  015617047
=003  Uk
=005  20130201131816.0
=007  ta
=008  760210d19721975hu\qr\p\\\\\\\0\\\a0eng\d
=010  \\$asn 79004286
=022  \\$a0302-7368$l0302-7368$20
=030  \\$aAAASCO
=035  \\$a(OCoLC)1980519
=040  \\$aNSD$cNSD$dOCL$dNSD$dMUL$dOCL$dNST$dNLM$dOCLCQ$dUk
=042  \\$ansdp
=060  00$aW1$bAC743S
=082  04$a664.005$222
=210  0\$aActa aliment. Acad. Sci. Hung.
=222  \0$aActa alimentaria Academiae Scientiarum Hungaricae
=245  00$aActa alimentaria Academiae Scientiarum Hungaricae.
=246  13$aActa alimentaria
=260  \\$aBudapest :$bAkadémiai Kiadó
=300  \\$av. :$bill.
=310  \\$aQuarterly
=336  \\$atext$2rdacontent
=337  \\$aunmediated$2rdamedia
=338  \\$avolume$2rdacarrier
=362  0\$av. 1-4; 1972-1975.
=510  0\$aChemical abstracts$x0009-2258
=540  \\$aCurrent copyright fee: GBP16.00$c83\0$5Uk
=550  \\$aIssued by the Committee for Food Science of the Hungarian Academy of Sciences.
=650  \0$aFood$vPeriodicals.
=710  2\$aMagyar Tudományos Akadémia.
=785  00$tActa alimentaria$c(Budapest)$x0139-3006
=852  71$aBritish Library$bSTI$k(P)$hHP 00$m-E(12)$2blsrissc$31972-1975; Vol.1-4.
=852  49$aBritish Library$bDSC$3See shelfmark 0591.500000 for vol. 1, 1972-
=856  \\$31850-9999$uhttp://akkrt.hu/$xBLDSS
=CAT  \\$a8201$b40$c20100802$lBLL01$h1424
=CAT  \\$a5552$b40$c20130201$lBLL01$h1318
=CAT  \\$aBLDSS-3PM$b00$c20150131$lBLL01$h2314
=CAT  \\$aBATCH-UPD$b00$c20160413$lBLL01$h1825
=CAT  \\$aBATCH-UPD$b00$c20220810$lBLL01$h1903
=CFI  0\$aCurrent copyright fee: GBP16.00$c83\0$e01-feb-2013$fGBP16.00$g0$hP$5Uk
=FFP  \\$aY$bBLDSS-3PM
=FIN  \\$aY$d20100802
=FMT  \\$a  SE
=LAS  \\$aBATCH-UPD$b00$c20220810$lBLL01$h1903
=LKR  \\$aPAR$b008899118$lBLL01$r78500$mActa alimentaria Academiae Scientiarum Hungaricae$nActa alimentaria (Budapest)
=SID  \\$aZ39$bOCLC
=TCO  \\$aXXX$c008
=TOC  \\$aETOC
=UNO  \\$aY

