=LDR  03801 as a2200877 a 4500
=001  015632609
=003  Uk
=005  20200331162553.0
=007  ta
=008  100820d19211964sw\\x\p\\\\\\\0\\\a0eng\\
=022  \\$a0365-1436
=040  \\$aUk$beng$cUk
=082  04$a618.920005$222
=210  0\$aActa paediatr.$b(Stockh.).
=222  \0$aActa paediatrica$b(Stockholm).
=245  00$aActa pædiatrica.
=260  \\$aStockholm :$bAlmqvist & Wiskell,$c1921-1964.
=300  \\$a53 v.
=336  \\$atext$2rdacontent
=337  \\$aunmediated$2rdamedia
=338  \\$avolume$2rdacarrier
=362  0\$aVol. 1 (1921)-v. 53 (1964).
=540  \\$aCurrent copyright fee: GBP32.00$c35\0$5Uk
=595  \\$aContinued as 0642.430000. Vol. 54 (1965)-
=650  \0$aPediatrics$vPeriodicals.
=770  0\$tActa paediatrica, supplement (Stockholm)$x0365-5741
=785  00$tActa Paediatrica Scandinavica$x0001-656X
=852  49$aBritish Library$bDSC$3See shelfmark 0642.400000 for Vol. 1 (1921)-v. 53 (1964)
=856  \\$31850-9999$uhttp://onlinelibrary.wiley.com/$xBLDSS
=ACF  \\$aBritish Library not licensed to copy$c0$e01-apr-2012$hC$iCLA Excluded$5Uk
=ACF  \\$aBritish Library not licensed to copy$c0$e01-jan-2012$hC$iCLA Excluded$5Uk
=ACF  \\$aBritish Library not licensed to copy$c0$e01-oct-2011$hC$iCLA Excluded$5Uk
=ACF  \\$aBritish Library not licensed to copy$c0$e01-jul-2012$hC$iCLA Excluded$5Uk
=ACF  \\$aBritish Library not licensed to copy$c0$e01-oct-2012$hC$iCFP Excluded$5Uk
=ACF  \\$aBritish Library not licensed to copy$c0$e01-jan-2013$hC$iCFP Excluded$5Uk
=ACF  \\$aBritish Library not licensed to copy$c0$e01-jul-2013$hC$iCFP Excluded$5Uk
=ACF  \\$aBritish Library not licensed to copy$c0$e01-apr-2013$hC$iCFP Excluded$5Uk
=ACF  \\$aPrevious Copyright Fee: GBP22.00$c10\0$e12-feb-2015$fGBP22.00$g0$hP$5Uk
=ACF  \\$aPrevious copyright fee: GBP24.00$c10\0$e01-mar-2015$fGBP24.00$g0$hP$5Uk
=ACF  \\$aPrevious copyright fee: GBP24.00$c35\0$e07-mar-2017$fGBP24.00$g0$hP$5Uk
=CAT  \\$a8201$b40$c20100820$lBLL01$h1137
=CAT  \\$aBATCH-CLA$b00$c20120831$lBLL01$h1545
=CAT  \\$aIPL-CLA$c20120930$lBLL01$h2135
=CAT  \\$aBATCH-CLA$b00$c20121109$lBLL01$h1720
=CAT  \\$aWR12_128$c20121113$lBLL01$h1833
=CAT  \\$aBATCH-CLA$b00$c20121130$lBLL01$h1238
=CAT  \\$aIPL-CLA$c20121231$lBLL01$h1329
=CAT  \\$aIPL-CLA$c20130102$lBLL01$h1803
=CAT  \\$aBATCH-CLA$b00$c20130228$lBLL01$h1710
=CAT  \\$aIPL-CLA$c20130331$lBLL01$h1058
=CAT  \\$a540_fix$c20130403$lBLL01$h2017
=CAT  \\$aBATCH-CLA$b00$c20130531$lBLL01$h1642
=CAT  \\$aIPL-CLA$c20130701$lBLL01$h0138
=CAT  \\$a5552$b40$c20150212$lBLL01$h1542
=CAT  \\$aBATCH-UPD$b40$c20150215$lBLL01$h1636
=CAT  \\$aIPL-CLA$c20150228$lBLL01$h2056
=CAT  \\$aBLDSS-3PM$b00$c20150513$lBLL01$h0807
=CAT  \\$aBATCH-UPD$b00$c20160413$lBLL01$h1825
=CAT  \\$aW1703-0316$c20170306$lBLL01$h1827
=CAT  \\$aW1703-0316$c20170307$lBLL01$h1650
=CAT  \\$aIPL-CLA$c20170307$lBLL01$h1825
=CAT  \\$aBATCH-UPD$b00$c20180219$lBLL01$h1754
=CAT  \\$aBATCH-UPD$b00$c20181121$lBLL01$h1625
=CAT  \\$aIPL-CLA$c20181231$lBLL01$h1550
=CAT  \\$aBATCH-UPD$b00$c20200219$lBLL01$h1542
=CAT  \\$aIPL-CLA$c20200331$lBLL01$h1625
=CFI  0\$aCurrent copyright fee: GBP32.00$c35\0$e01-apr-2020$fGBP32.00$g0$hP$5Uk
=CFI  2\$aPrevious copyright fee: GBP28.00$c35\0$e01-jan-2019$fGBP28.00$g0$hP$5Uk
=FFP  \\$aY$bBLDSS-3PM
=FIN  \\$aY$d20100820
=FMT  \\$a  SE
=LAS  \\$aIPL-CLA$b00$c20200331$lBLL01$h1625
=LKR  \\$aPAR$b009562511$lBLL01$r78500$mActa paediatrica (Stockholm).$nActa paediatrica scandinavica.
=TCO  \\$aXXX$c008
=TOC  \\$aETOC
=UNO  \\$aY

