=LDR  04430cas a2200973 a 4500
=001  015718667
=003  Uk
=005  20211231173058.0
=007  ta
=008  761215d19761990be\qr\p\\\\\\\0\\\a0fre\\
=010  \\$asn 83003003
=016  7\$a442630-7$2DE-600
=019  0\$as148969003
=022  \\$a0770-1713$l0770-1713$y0377-8266$20
=030  \\$aCRVSDX
=035  \\$a(OCoLC)2624448
=040  \\$aAGL$cAGL$dNSD$dSER$dNSD$dNST$dAIP$dNST$dCAS$dOCL$dAGL$dDLC$dOCL$dOCLCQ$dLVB$dOCLCQ$dDEBBG$dUk
=041  0\$afre$adut$beng
=042  \\$ansdp$aukblsr
=082  04$a663.3$222
=210  0\$aCerevisia
=222  \0$aCerevisia
=245  00$aCerevisia.
=260  \\$aBruxelles :$bAssociations des anciens elèves des ecoles de brasserie belges,$c1976-1990.
=300  \\$a15 v. :$bill.
=336  \\$atext$2rdacontent
=337  \\$aunmediated$2rdamedia
=338  \\$avolume$2rdacarrier
=362  0\$aAnnée 1, no. 1-année 15, no. 4.
=510  2\$aChemical abstracts,$x0009-2258,$b1976-1990
=540  \\$aCurrent copyright fee: GBP34.30$c5\1$5Uk
=580  \\$aFormed by the union of: Fermentatio; and: Louvain. Université catholique. Association royale des anciens étudiants en brasserie. Bulletin; and: Institut des industries de fermentation, Bruxelles. Association des anciens elèves. B.I.F.
=580  \\$aMerged with: Belgian journal of food chemistry and biotechnology, to form: Cerevisia and biotechnology.
=650  \0$aBrewing industry$vPeriodicals.
=710  2\$aInstitut des industries de fermentation de Bruxelles.$bAssociation des anciens élèves.
=780  14$aLouvain. Université catholique. Association royale des anciens etudiants en brasserie.$tBulletin
=780  14$tFermentatio$x0015-0053
=780  14$tB.I.F.$x0773-4964
=785  17$tBelgian journal of food chemistry and biotechnology$x0773-6177
=785  17$tCerevisia and biotechnology$x0778-2640
=852  71$aBritish Library$bSTI$k(P)$hDE 25$m-E(15)$2blsrissc$3Année 1, no. 1 (1976)-année 15, no. 4 (1990) ; Deficient: année 12, no. 3 (1987)
=852  49$aBritish Library$bDSC$3See shelfmark 3120.050000
=856  \\$31850-9999$uhttp://www.elsevier.com/journals$xBLDSS
=ACF  \\$aCurrent copyright fee: GBP5.00$c0$e01-jul-2002$fGBP5.00$g0$hC$5Uk
=ACF  \\$aCurrent copyright fee: GBP2.50$c0$e01-jul-1998$fGBP2.50$g0$hC$5Uk
=ACF  \\$aCurrent copyright fee: GBP2.30$c0$e01-jul-1997$fGBP2.30$g0$hC$5Uk
=ACF  \\$aPrevious copyright fee: GBP20.00$c5\1$e18-feb-2010$fGBP20.00$g0$hP$5Uk
=ACF  \\$aPrevious copyright fee: GBP21.00$c5\1$e01-jan-2012$fGBP21.00$g0$hP$5Uk
=ACF  \\$aPrevious copyright fee: GBP22.50$c5\1$e01-jan-2013$fGBP22.50$g0$hP$5Uk
=ACF  \\$aPrevious copyright fee: GBP23.40$c5\1$e01-jan-2018$fGBP23.40$g0$hP$5Uk
=CAT  \\$a10806$b40$c20101217$lBLL01$h1411
=CAT  \\$a10806$b40$c20101217$lBLL01$h1413
=CAT  \\$a10806$b40$c20101217$lBLL01$h1421
=CAT  \\$a10806$b40$c20101223$lBLL01$h0904
=CAT  \\$a8201$b40$c20110211$lBLL01$h0923
=CAT  \\$aBATCH-UPD$b40$c20111123$lBLL01$h1854
=CAT  \\$aIPL-CLA$c20111230$lBLL01$h2036
=CAT  \\$aBATCH-UPD$b00$c20120614$lBLL01$h2131
=CAT  \\$aBATCH-CLA$b00$c20121109$lBLL01$h1720
=CAT  \\$aBATCH-UPD$b00$c20121121$lBLL01$h1659
=CAT  \\$aIPL-CLA$c20121231$lBLL01$h1330
=CAT  \\$aIPL-CLA$c20130102$lBLL01$h1805
=CAT  \\$aWR13.005$c20130323$lBLL01$h1319
=CAT  \\$aBLDSS-3PM$b00$c20141222$lBLL01$h1720
=CAT  \\$aBATCH-UPD$b00$c20160605$lBLL01$h0528
=CAT  \\$a6550$b40$c20161130$lBLL01$h0808
=CAT  \\$a6550$b40$c20161130$lBLL01$h0959
=CAT  \\$aBATCH-UPD$b40$c20171121$lBLL01$h1753
=CAT  \\$aIPL-CLA$c20171231$lBLL01$h1805
=CAT  \\$aBATCH-UPD$b00$c20190521$lBLL01$h1444
=CAT  \\$aIPL-CLA$c20190630$lBLL01$h1545
=CAT  \\$aBATCH-UPD$b00$c20211119$lBLL01$h1601
=CAT  \\$aIPL-CLA$c20211231$lBLL01$h1730
=CFI  0\$aCurrent copyright fee: GBP34.30$c5\1$e01-jan-2022$fGBP34.30$g0$hP$5Uk
=CFI  2\$aPrevious copyright fee: GBP32.84$c5\1$e01-jul-2019$fGBP32.84$g0$hP$5Uk
=FFP  \\$aY$bBLDSS-3PM
=FIN  \\$aY$d20101217
=FMT  \\$a  SE
=LAS  \\$aIPL-CLA$b00$c20211231$lBLL01$h1730
=LEO  \\$aMP25.0000049881
=LKR  \\$aPAR$b007521924$lBLL01$r78500$mCerevisia$nCerevisia and biotechnology
=SID  \\$aZ39$bOCLC
=SRC  \\$aSRI01$bbibmp25.200404.2.aa
=TCO  \\$aXXX$c008

