=LDR  03367cas a2200877 a 4500
=001  015797296
=003  Uk
=005  20221231145053.0
=007  ta
=008  900217d19871995gw\br\p\\\\\\\0\\\\0ger\\
=010  \\$asn 90031098
=022  \\$a0931-0037$l0931-0037
=030  \\$aDZONEH
=035  \\$a(OCoLC)21080575
=040  \\$aNLM$cNLM$dCAS$dNLM$dOCLCQ$dUk
=042  \\$apcc
=060  00$aW1$bDE906
=082  04$a616.994$222
=210  0\$aDtsch. Z. Onkol.
=222  \0$aDeutsche Zeitschrift für Onkologie
=245  00$aDeutsche Zeitschrift für Onkologie.
=246  17$aDZO
=260  \\$aHeidelberg :$bVerlag für Medizin Fischer,$c[1987-1995]
=300  \\$a9 v. :$bill.
=310  \\$aBimonthly
=336  \\$atext$2rdacontent
=337  \\$aunmediated$2rdamedia
=338  \\$avolume$2rdacarrier
=362  0\$a19 Jahrg., 1 (Feb. 1987)-27. Jahrg.
=500  \\$aTitle from cover.
=540  \\$aCurrent copyright fee: GBP23.00$c49\0$5Uk
=550  \\$aOrgan of Deutsche Gesellschaft für Onkologie.
=650  \0$aOncology$vPeriodicals.
=650  \0$aTumors$vPeriodicals.
=650  \0$aCancer$vPeriodicals.
=650  \2$aNeoplasms$vPeriodicals.
=710  2\$aDeutsche Gesellschaft für Onkologie.
=780  00$tKrebsgeschehen$x0340-5672
=785  00$tZeitschrift für Onkologie$x1432-2919
=852  49$aBritish Library$bDSC$3See shelfmark 3575.830000 for Jg. 19, 1987- 27, 1995 *A=1
=856  \\$31850-9999$uhttp://www.thieme.com/$xBLDSS
=ACF  \\$aPrevious Copyright Fee: GBP9.00$c49\0$e01-jan-2014$fGBP9.00$g0$hP$5Uk
=ACF  \\$aPrevious copyright fee: GBP10.00$c49\0$e01-jan-2017$fGBP10.00$g0$hP$5Uk
=ACF  \\$aPrevious copyright fee: GBP11.00$c49\0$e01-jan-2018$fGBP11.00$g0$hP$5Uk
=ACF  \\$aPrevious copyright fee: GBP13.00$c49\0$e01-jan-2019$fGBP13.00$g0$hP$5Uk
=ACF  \\$aPrevious copyright fee: GBP15.00$c49\0$e10-may-2021$fGBP15.00$g0$hP$5Uk
=CAT  \\$a8201$b40$c20110426$lBLL01$h1601
=CAT  \\$a5552$b40$c20131122$lBLL01$h1410
=CAT  \\$aIPL-CLA$c20140101$lBLL01$h0145
=CAT  \\$aBLDSS-3PM$b00$c20141208$lBLL01$h1628
=CAT  \\$aBATCH-UPD$b00$c20160413$lBLL01$h1825
=CAT  \\$aBATCH-UPD$b00$c20161212$lBLL01$h1809
=CAT  \\$aBATCH-UPD$b00$c20161212$lBLL01$h1816
=CAT  \\$aIPL-CLA$c20161230$lBLL01$h2353
=CAT  \\$aBATCH-UPD$b00$c20171220$lBLL01$h1159
=CAT  \\$aIPL-CLA$c20171231$lBLL01$h1807
=CAT  \\$aBATCH-UPD$b00$c20181126$lBLL01$h1138
=CAT  \\$aIPL-CLA$c20181231$lBLL01$h1551
=CAT  \\$aBATCH-UPD$b00$c20190314$lBLL01$h1522
=CAT  \\$aBATCH-UPD$b00$c20210510$lBLL01$h1232
=CAT  \\$aIPL-CLA$c20210510$lBLL01$h1315
=CAT  \\$aBATCH-UPD$b00$c20211119$lBLL01$h1529
=CAT  \\$aIPL-CLA$c20211231$lBLL01$h1545
=CAT  \\$aBATCH-UPD$b00$c20221121$lBLL01$h1433
=CAT  \\$aIPL-CLA$c20221231$lBLL01$h1450
=CFI  0\$aCurrent copyright fee: GBP23.00$c49\0$e01-jan-2023$fGBP23.00$g0$hP$5Uk
=CFI  2\$aPrevious copyright fee: GBP16.00$c49\0$e01-jan-2022$fGBP16.00$g0$hP$5Uk
=FFP  \\$aY$bBLDSS-3PM
=FIN  \\$aY$d20110426
=FMT  \\$a  SE
=LAS  \\$aIPL-CLA$b00$c20221231$lBLL01$h1450
=LKR  \\$aPAR$b012429431$lBLL01$r78500$nZeitschrift für Onkologie$mDeutsche Zeitschrift für Onkologie
=SID  \\$aZ39$bOCLC
=TCO  \\$aDEU$bVG WORT$c008
=TOC  \\$aETOC
=UNO  \\$aY

