=LDR  02819 as a2200673 a 4500
=001  015828638
=003  Uk
=005  20201124190408.0
=007  ta
=008  810331d19791996it\qr\p\\\\\\\0\\\b0eng\\
=010  \\$asc 82003086$zsn 81002591
=022  0\$a0392-291X$l0392-291X$2z
=030  \\$aRESFDJ
=035  \\$a(OCoLC)7288973
=040  \\$aNLM$cNLM$dNSD$dDLC$dSER$dRCS$dAIP$dNSD$dNST$dCAS$dNLM$dOCLCQ$dUk
=041  0\$aeng$aita$bfre
=042  \\$apcc$ansdp
=060  00$aW1$bRI661P
=082  04$a616.005$223
=210  0\$aRiv. eur. sci. med. farmacol.
=222  \0$aRivista europea per le scienze mediche e farmacologiche
=245  00$aRivista europea per le scienze mediche e farmacologiche =$bEuropean review for medical and pharmacological sciences.
=246  31$aEuropean review for medical and pharmacological sciences
=260  \\$aRoma :$b[s.n.],$c1979-[1996]
=300  \\$a18 v. :$bill.
=310  \\$aBimonthly,$b-1996
=321  \\$aQuarterly,$b1979-
=336  \\$atext$2rdacontent
=337  \\$aunmediated$2rdamedia
=338  \\$avolume$2rdacarrier
=362  0\$aVol. 1, n. 1 (Dec. 1979)-vol. 18, no 5/6 (Sept./Dec. 1996).
=500  \\$aTitle from cover.
=510  2\$aChemical abstracts$x0009-2258$b-1983
=540  \\$aCurrent Copyright Fee: GBP15.00$c115\0$5Uk
=546  \\$aArticles in Italian with summaries in English, French and Italian, 1979- ; in English with summaries in Italian, -Sept./Dec. 1996.
=650  \0$aClinical medicine$vPeriodicals.
=650  \0$aMedicine$vPeriodicals.
=650  \0$aPharmacology$vPeriodicals.
=785  00$tEuropean review for medical and pharmacological sciences$x1128-3602
=852  49$aBritish Library$bDSC$3See shelfmark 3829.952000 for vol. 2, no. 3 (1983)-v. 5, no. 4 (1983); NS: Vol. 2, no. 5/6 (1998)-
=852  71$aBritish Library$bSTI$k(P)$hGP 00$m-F(37)$2blsrissc$3Vol. 7, no. 1-3 (1985); v. 10, no. 3 (1988)-v. 14, no. 3 (1992)
=856  \\$31850-9999$uhttp://www.verduci.it/$xBLDSS
=985  \\$aUpgraded by BSS-generated file for WR2011-1473
=CAT  \\$a8201$b40$c20110617$lBLL01$h1556
=CAT  \\$a5552$b40$c20150812$lBLL01$h0832
=CAT  \\$aBLDSS-3PM$b00$c20150819$lBLL01$h0837
=CAT  \\$aBATCH-UPD$b00$c20160413$lBLL01$h1825
=CAT  \\$a8874$b40$c20180816$lBLL01$h0805
=CAT  \\$aW2011-1473$b00$c20201124$lBLL01$h1904
=CFI  0\$aCurrent Copyright Fee: GBP15.00$c115\0$e12-aug-2015$fGBP15.00$g0$hP$5Uk
=FFP  \\$aY$bBLDSS-3PM
=FIN  \\$aY$d20110617
=FMT  \\$a  SE
=LAS  \\$aW2011-1473$b00$c20201124$lBLL01$h1904
=LKR  \\$aPAR$b012780172$lBLL01$r78500$mRivista europea per le scienze mediche e farmacologiche$nEuropean review for medical and pharmacological sciences
=SID  \\$aZ39$bOCLC
=TCO  \\$aITA$bAIDRO / SIAE$c008
=TOC  \\$aETOC
=UNO  \\$aY

