=LDR  01339cas a22003737a 4500
=001  016541415
=003  Uk
=005  20220114153554.0
=008  131112d\\\\9999\\\\\\p\\\\\\\0\\\a0eng\\
=022  \\$a2214-6237
=040  \\$aUk$beng$cUk
=245  00$aJournal of clinical & translational endocrinology.
=260  \\$aAmsterdam :$bElsevier
=336  \\$atext$2rdacontent
=337  \\$aunmediated$2rdamedia
=338  \\$avolume$2rdacarrier
=540  \\$aCurrent copyright fee: zero$c5\1$5Uk
=590  \\$aRoute FAILED DSC EXTENDED searches to Records Team
=852  41$aBritish Library$bHMNTS
=856  \\$31850-9999$uhttp://www.elsevier.com/journals$xBLDSS
=945  \\$aJournal of clinical and translational endocrinology
=979  \\$aBritish Library$bDSC$j4958.380800N
=CAT  \\$a5552$b40$c20131112$lBLL01$h1405
=CAT  \\$aBLDSS-3PM$b00$c20141222$lBLL01$h1721
=CAT  \\$aBATCH-UPD$b00$c20160413$lBLL01$h1827
=CAT  \\$a5552$b40$c20160503$lBLL01$h1223
=CAT  \\$a5552$b40$c20160509$lBLL01$h1123
=CAT  \\$a7764$b40$c20220114$lBLL01$h1535
=CFI  0\$aCurrent copyright fee: zero$c5\1$e03-may-2016$fGBP0.00$g0$hP$5Uk
=CFI  2\$aPrevious copyright fee: GBP22.50$c5\1$e12-nov-2013$fGBP22.50$g0$hP$5Uk
=FFP  \\$aY$bBLDSS-3PM
=FMT  \\$a  SE
=LAS  \\$a7764$b40$c20220114$lBLL01$h1535
=TOC  \\$aETOC

