=LDR  05433cas a2201093ua 4500
=001  013832139
=003  Uk
=005  20230511162931.0
=007  ta
=008  810512d19651985enkm|\p\\\\\\\0\\\a0eng\\
=022  0\$a0001-9844$202
=040  \\$aUk$cUk$dUk
=042  \\$aissnuk
=082  04$a300
=130  0\$aAfrica research bulletin. Political, social and cultural series (1965)
=210  0\$aAfr. res. bull., Polit. soc. cult. ser.$b(Print)
=222  \0$aAfrica research bulletin. Political, social and cultural series$b(Print)
=245  10$aAfrica research bulletin. Political, social and cultural series
=246  03$aAfrica research bulletin. Africa, political, social and cultural series
=260  \\$aExeter :$bAfrica Research Ltd.
=336  \\$atext$2rdacontent
=337  \\$aunmediated$2rdamedia
=338  \\$avolume$2rdacarrier
=540  \\$aCurrent Copyright Fee: GBP32.00$c35\0$5Uk
=651  \0$aAfrica$xPolitics and government$y1960-$vAbstracts$vPeriodicals.
=651  \0$aAfrica$xSocial conditions$y1960-$vAbstracts$vPeriodicals.
=651  \0$aAfrica$xHistory$y1960-$vAbstracts$vPeriodicals.
=776  0\$tAfrica research bulletin. Political, social and cultural series (Online)$x1467-825X
=780  00$tAfrica. Political, social and cultural
=785  00$tAfrica research bulletin. Political series.
=852  49$aBritish Library$bDSC$3See shelfmark 0732.186000 for years 1965-1985
=856  \\$31850-9999$uhttp://onlinelibrary.wiley.com/$xBLDSS
=ACF  \\$aPrevious Copyright Fee: GBP24.00$c0$e01-oct-2015$fGBP24.00$g0$hC$5Uk
=ACF  \\$aPrevious Copyright Fee: GBP22.60$c0$e01-apr-2012$fGBP22.60$g0$hC$5Uk
=ACF  \\$aPrevious Copyright Fee: GBP22.60$c0$e01-jan-2012$fGBP22.60$g0$hC$5Uk
=ACF  \\$aPrevious Copyright Fee: GBP22.60$c0$e01-oct-2011$fGBP22.60$g0$hC$5Uk
=ACF  \\$aPrevious Copyright Fee: GBP22.60$c0$e01-jul-2011$fGBP22.60$g0$hC$5Uk
=ACF  \\$aPrevious Copyright Fee: GBP22.60$c0$e01-apr-2011$fGBP22.60$g0$hC$5Uk
=ACF  \\$aPrevious Copyright Fee: GBP17.00$c0$e01-jan-2011$fGBP17.00$g0$hC$5Uk
=ACF  \\$aPrevious Copyright Fee: GBP17.00$c0$e01-oct-2010$fGBP17.00$g0$hC$5Uk
=ACF  \\$aPrevious Copyright Fee: GBP17.00$c0$e01-jul-2010$fGBP17.00$g0$hC$5Uk
=ACF  \\$aPrevious Copyright Fee: GBP17.00$c0$e01-apr-2010$fGBP17.00$g0$hC$5Uk
=ACF  \\$aPrevious Copyright Fee: GBP17.00$c0$e01-Jan-2010$fGBP17.00$g0$hC$5Uk
=ACF  \\$aPrevious Copyright Fee: GBP17.00$c0$e01-oct-2009$fGBP17.00$g0$hC$5Uk
=ACF  \\$aPrevious Copyright Fee: GBP17.00$c0$e01-jul-2009$fGBP17.00$g0$hC$5Uk
=ACF  \\$aPrevious Copyright Fee: GBP17.00$c0$e01-apr-2009$fGBP17.00$g0$hC$5Uk
=ACF  \\$aPrevious Copyright Fee: GBP16.00$c0$e01-jan-2009$fGBP16.00$g0$hC$5Uk
=ACF  \\$aBritish Library not licensed to copy$c0$e01-oct-2008$hC$iCLA Excluded$5Uk
=ACF  \\$aPrevious Copyright Fee: GBP16.00$c0$e01-jul-2008$fGBP16.00$g0$hC$5Uk
=ACF  \\$aPrevious Copyright Fee: GBP16.00$c0$e01-apr-2008$fGBP16.00$g0$hC$5Uk
=ACF  \\$aPrevious Copyright Fee: GBP16.00$c0$e01-jan-2008$fGBP16.00$g0$hC$5Uk
=ACF  \\$aPrevious Copyright Fee: GBP22.60$c0$e01-jul-2012$fGBP22.60$g0$hC$5Uk
=ACF  \\$aPrevious Copyright Fee: GBP22.60$c0$e01-oct-2012$fGBP22.60$g0$hC$5Uk
=ACF  \\$aPrevious Copyright Fee: GBP12.00$c0$e01-jan-2013$fGBP12.00$g0$hC$5Uk
=ACF  \\$aPrevious Copyright Fee: GBP22.60$c0$e01-jan-2014$fGBP22.60$g0$hC$5Uk
=ACF  \\$aPrevious Copyright Fee: GBP22.00$c0$e01-apr-2014$fGBP22.00$g0$hC$5Uk
=CAT  \\$a8456$b40$c20070903$lBLL01$h1343
=CAT  \\$aIPL-CLA$c20110930$lBLL01$h1552
=CAT  \\$aBATCH-CLA$b00$c20111130$lBLL01$h1220
=CAT  \\$aIPL-CLA$c20111230$lBLL01$h2028
=CAT  \\$aBATCH-CLA$b00$c20120229$lBLL01$h1638
=CAT  \\$aIPL-CLA$c20120330$lBLL01$h1439
=CAT  \\$aBATCH-CLA$b00$c20120531$lBLL01$h1711
=CAT  \\$aIPL-CLA$c20120629$lBLL01$h1037
=CAT  \\$aBATCH-CLA$b00$c20120831$lBLL01$h1538
=CAT  \\$aIPL-CLA$c20120930$lBLL01$h2128
=CAT  \\$a8483$b40$c20121106$lBLL01$h1407
=CAT  \\$aBATCH-CLA$b00$c20121109$lBLL01$h1724
=CAT  \\$aBATCH-CLA$b00$c20121130$lBLL01$h1242
=CAT  \\$aIPL-CLA$c20121231$lBLL01$h1324
=CAT  \\$aIPL-CLA$c20130102$lBLL01$h1753
=CAT  \\$aBATCH-CLA$b00$c20131129$lBLL01$h1634
=CAT  \\$aIPL-CLA$c20140101$lBLL01$h0023
=CAT  \\$aBATCH-CLA$b00$c20140228$lBLL01$h1609
=CAT  \\$aIPL-CLA$c20140331$lBLL01$h1631
=CAT  \\$aBATCH-CLA$b00$c20150828$lBLL01$h1535
=CAT  \\$aIPL-CLA$c20150930$lBLL01$h1819
=CAT  \\$aBATCH-CLA$b00$c20190228$lBLL01$h1623
=CAT  \\$aIPL-CLA$c20190331$lBLL01$h1727
=CAT  \\$a5552$b40$c20210729$lBLL01$h1105
=CAT  \\$aBLDSS-3PM$b00$c20210803$lBLL01$h0940
=CAT  \\$aBATCH-UPD$b00$c20210803$lBLL01$h0940
=CAT  \\$aBATCH-FIX$c20230511$lBLL01$h1629
=CFI  0\$aCurrent Copyright Fee: GBP32.00$c35\0$e29-jul-2021$fGBP32.00$g0$hP$5Uk
=CFI  2\$aBritish Library not licensed to copy$c0$e01-apr-2019$hC$iCFP Excluded$5Uk
=FFP  \\$aY$bBLDSS-3PM
=FIN  \\$aY
=FMT  \\$a  SE
=LAS  \\$aBATCH-FIX$b00$c20230511$lBLL01$h1629
=LEO  \\$aMP22.0000000044
=LKR  \\$aPAR$b009189393$lBLL01$r78000$mAfrica research bulletin. Political, social and cultural series (1965)$nAfrica, political, social, and cultural.
=SRC  \\$aISN01$bbibmp22.200404.2.aa
=TCO  \\$aCLA$bCLA$c008
=UNO  \\$aY

