=LDR  06186cas a2201321 a 4500
=001  014055156
=003  Uk
=005  20220930142735.0
=007  ta
=008  810619d19571957miuqr\p\\\\\\\0\\\a0eng\d
=010  \\$asf 92029944$zsn 82000442
=019  c\$a2054910
=022  0\$a0731-4086$21
=035  \\$a(OCoLC)7514602
=040  \\$aPIT$cPIT$dNSD$dHUL$dNST$dDLC$dCUS$dUk
=042  \\$ansdp$alcd
=050  00$aJX1901$b.J6
=082  04$a303.6$222
=210  0\$aConfl. resolut.
=222  \0$aConflict resolution
=245  00$aConflict resolution.
=246  13$aJournal of conflict resolution
=260  \\$aAnn Arbor, Mich. :$bDept. of Journalism, University of Michigan,$cc1957.
=300  \\$a1 v. :$bill. ;$c25 cm.
=310  \\$aQuarterly
=336  \\$atext$2rdacontent
=337  \\$aunmediated$2rdamedia
=338  \\$avolume$2rdacarrier
=362  0\$aVol. 1, no. 1 [(Mar. 1957)]-v. 1, no. 3 [(Sept. 1957)].
=500  \\$a"A quarterly for research related to war and peace."
=500  \\$aTitle from cover.
=530  \\$aAvailable on microfilm.
=530  \\$aAlso available via the World Wide Web to JSTOR subscribers.
=540  \\$aCurrent copyright fee: GBP32.82$c103\0$5Uk
=580  \\$aContinued in Dec. 1957 by: Journal of conflict resolution.
=595  \\$aSEE 4965.13.
=650  \0$aArbitration, International$vPeriodicals.
=650  \0$aPeace$vPeriodicals.
=690  7\$aSocial Welfare$2blcoll
=710  2\$aUniversity of Michigan.$bDepartment of Journalism.
=776  1\$tConflict resolution (Online)$x0731-4086
=785  10$tJournal of conflict resolution$x0022-0027
=852  49$aBritish Library$bDSC$3See shelfmark 4965.130000 for vol. 1, 1957- *A=1
=856  \\$31850-9999$uhttp://online.sagepub.com/$xBLDSS
=985  \\$aRecord amended for WR# 13/070
=ACF  \\$aPrevious Copyright Fee: GBP14.29$c0$e01-jul-2009$fGBP14.29$g0$hC$5Uk
=ACF  \\$aPrevious Copyright Fee: GBP14.29$c0$e01-apr-2009$fGBP14.29$g0$hC$5Uk
=ACF  \\$aPrevious Copyright Fee: GBP10.79$c0$e01-jan-2009$fGBP10.79$g0$hC$5Uk
=ACF  \\$aPrevious Copyright Fee: GBP12.50$c0$e01-oct-2008$fGBP12.50$g0$hC$5Uk
=ACF  \\$aPrevious Copyright Fee: GBP7.50$c0$e01-jul-2008$fGBP7.50$g0$hC$5Uk
=ACF  \\$aPrevious Copyright Fee: GBP7.50$c0$e01-apr-2008$fGBP7.50$g0$hC$5Uk
=ACF  \\$aPrevious Copyright Fee: GBP7.50$c0$e01-jan-2008$fGBP7.50$g0$hC$5Uk
=ACF  \\$aPrevious copyright fee: GBP10.50$c0$e01-jan-2011$fGBP10.50$g0$hA$5Uk
=ACF  \\$aBritish Library not licensed to copy$c0$e07-sep-2011$hC$iTX$5Uk
=ACF  \\$aPrevious Copyright Fee: GBP12.90$c0$e01-jul-2013$fGBP12.90$g0$hC$5Uk
=ACF  \\$aPrevious Copyright Fee: GBP12.50$c0$e01-jan-2014$fGBP12.50$g0$hC$5Uk
=ACF  \\$aPrevious Copyright Fee: GBP12.00$c0$e01-oct-2013$fGBP12.00$g0$hC$5Uk
=ACF  \\$aPrevious Copyright Fee: GBP18.75$c103\0$e18-feb-2014$fGBP18.75$g0$hP$5Uk
=ACF  \\$aPrevious copyright fee: GBP18.15$c103\0$e01-jul-2014$fGBP18.15$g0$hP$5Uk
=ACF  \\$aPrevious copyright fee: GBP19.35$c103\0$e01-apr-2015$fGBP19.35$g0$hP$5Uk
=ACF  \\$aPrevious copyright fee: GBP20.00$c103\0$e01-jul-2015$fGBP20.00$g0$hP$5Uk
=ACF  \\$aPrevious copyright fee: GBP19.35$c103\0$e01-oct-2015$fGBP19.35$g0$hP$5Uk
=ACF  \\$aPrevious copyright fee: GBP24.83$c103\0$e01-apr-2016$fGBP24.83$g0$hP$5Uk
=ACF  \\$aPrevious copyright fee: GBP26.67$c103\0$e01-oct-2016$fGBP26.67$g0$hP$5Uk
=ACF  \\$aPrevious copyright fee: GBP28.80$c103\0$e01-apr-2017$fGBP28.80$g0$hP$5Uk
=ACF  \\$aPrevious copyright fee: GBP27.69$c103\0$e01-oct-2017$fGBP27.69$g0$hP$5Uk
=ACF  \\$aPrevious copyright fee: GBP25.71$c103\0$e01-apr-2018$fGBP25.71$g0$hP$5Uk
=ACF  \\$aPrevious copyright fee: GBP27.69$c103\0$e01-oct-2018$fGBP27.69$g0$hP$5Uk
=ACF  \\$aPrevious copyright fee: GBP29.08$c103\0$e01-jul-2019$fGBP29.08$g0$hP$5Uk
=ACF  \\$aPrevious copyright fee: GBP30.24$c103\0$e01-oct-2019$fGBP30.24$g0$hP$5Uk
=ACF  \\$aPrevious copyright fee: GBP30.29$c103\0$e01-apr-2020$fGBP30.29$g0$hP$5Uk
=ACF  \\$aPrevious copyright fee: GBP31.50$c103\0$e01-jul-2020$fGBP31.50$g0$hP$5Uk
=ACF  \\$aPrevious copyright fee: GBP29.17$c103\0$e01-apr-2021$fGBP29.17$g0$hP$5Uk
=ACF  \\$aPrevious copyright fee: GBP28.13$c103\0$e07-jul-2021$fGBP28.13$g0$hP$5Uk
=CAT  \\$a8201$b40$c20071005$lBLL01$h1610
=CAT  \\$aIPL-CLA$c20160930$lBLL01$h1616
=CAT  \\$aBATCH-UPD$b00$c20170216$lBLL01$h1742
=CAT  \\$aIPL-CLA$c20170331$lBLL01$h1854
=CAT  \\$aBATCH-UPD$b00$c20170904$lBLL01$h1739
=CAT  \\$aIPL-CLA$c20170929$lBLL01$h1740
=CAT  \\$aBATCH-UPD$b00$c20180223$lBLL01$h1541
=CAT  \\$aIPL-CLA$c20180331$lBLL01$h1632
=CAT  \\$aBATCH-UPD$b00$c20180823$lBLL01$h1858
=CAT  \\$aIPL-CLA$c20180930$lBLL01$h1506
=CAT  \\$aBATCH-UPD$b00$c20190521$lBLL01$h1347
=CAT  \\$aIPL-CLA$c20190630$lBLL01$h1539
=CAT  \\$aBATCH-UPD$b00$c20190829$lBLL01$h1429
=CAT  \\$aIPL-CLA$c20190930$lBLL01$h1642
=CAT  \\$aBATCH-UPD$b00$c20200219$lBLL01$h1420
=CAT  \\$aIPL-CLA$c20200331$lBLL01$h1619
=CAT  \\$aBATCH-UPD$b00$c20200522$lBLL01$h1412
=CAT  \\$aIPL-CLA$c20200701$lBLL01$h0101
=CAT  \\$aBATCH-UPD$b00$c20210226$lBLL01$h0953
=CAT  \\$aIPL-CLA$c20210331$lBLL01$h1701
=CAT  \\$aBATCH-UPD$b00$c20210707$lBLL01$h1516
=CAT  \\$aIPL-CLA$c20210707$lBLL01$h1843
=CAT  \\$aBATCH-UPD$b00$c20220520$lBLL01$h1544
=CAT  \\$aIPL-CLA$c20220630$lBLL01$h1538
=CAT  \\$aBATCH-UPD$b00$c20220824$lBLL01$h0819
=CAT  \\$aIPL-CLA$c20220930$lBLL01$h1427
=CFI  0\$aCurrent copyright fee: GBP32.82$c103\0$e01-oct-2022$fGBP32.82$g0$hP$5Uk
=CFI  2\$aPrevious copyright fee: GBP31.50$c103\0$e01-jul-2022$fGBP31.50$g0$hP$5Uk
=FFP  \\$aY$bBLDSS-3PM
=FIN  \\$aY$d20071005
=FMT  \\$a  SE
=LAS  \\$aIPL-CLA$b00$c20220930$lBLL01$h1427
=LEO  \\$aMP10.0000162666
=LKR  \\$aPAR$b010488847$lBLL01$r78510$mConflict resolution$nThe Journal of conflict resolution
=SID  \\$aZ39$bOCLC
=SRC  \\$aDSS01$bbibmp10.200404.2.aa
=TCO  \\$aTRS$bCCC$c008
=TOC  \\$aETOC
=UNO  \\$aY

