=LDR  03581cas a22008417a 4500
=001  014523794
=003  Uk
=005  20221231221323.0
=007  ta
=008  080219d19951995ru\mr\p\\\\\\\0\\\a0eng\\
=019  0\$as106654039
=040  \\$aUk$beng$cUk
=041  1\$aeng$hrus
=082  04$a547.7005$222
=084  \\$aMF 30$2blsrissc
=130  0\$aVysokomolekuli︠a︡rnye soedinenii︠a︡.$nSerii︠a︡ A.$lEnglish.
=245  10$aPolymer science.$nSeries A.
=260  \\$aMoscow :$bMAIK Nauka/Interperiodica Pub.,$cc1995.
=300  \\$av. :$bill. ;$c28 cm.
=300  \\$av.
=310  \\$aMonthly
=336  \\$atext$2rdacontent
=337  \\$aunmediated$2rdamedia
=338  \\$avolume$2rdacarrier
=362  0\$aVol. 37, no. 1 (Jan. 1995)-v. 37, no. 9 (Sept. 1995).
=500  \\$aTitle from cover.
=515  \\$aCarries volume numbering and date of Russian original.
=540  \\$aCurrent copyright fee: GBP29.95$c22\1$5Uk
=550  \\$aIssued by: Russian Academy of Sciences.
=650  \0$aPolymers$vPeriodicals.
=650  \0$aPolymerization$vPeriodicals.
=710  2\$aRossiĭskai︠a︡ akademii︠a︡ nauk.
=765  1\$tVysokomolekuli︠a︡rnye soedinenii︠a︡. Serii︠a︡ A$x0507-5475
=780  01$tVysokomolekuli︠a︡rnye soedinenii︠a︡. Serii︠a︡ A i serii︠a︡ B. English. Polymer science. Series A and series B
=785  00$tVysokomolekuli︠a︡rnye soedinenii︠a︡. Serii︠a︡ A. English. Polymer science. Series A, Chemistry, physics
=852  71$aBritish Library$bSTI$k(P)$hMF 30$m-E(2)$2blsrissc$3Vol. 37, no. 1 (Jan. 1995)-v. 37, no. 9 (Sept. 1995)
=852  41$aBritish Library$bDSC$3See 0416.904000 for DSC stock
=856  \\$31850-9999$uhttp://link.springer.com/$xBLDSS
=ACF  \\$aPrevious Copyright Fee: GBP0.88$c0$e01-oct-2008$fGBP0.88$g0$hC$5Uk
=ACF  \\$aBritish Library not licensed to copy$c0$e07-sep-2011$hC$iTX$5Uk
=ACF  \\$aPrevious copyright fee: GBP10.50$c0$e01-jan-2011$fGBP10.50$g0$hA$5Uk
=ACF  \\$aPrevious copyright fee: GBP30.73$c22\8$e19-feb-2018$fGBP30.73$g0$hP$5Uk
=ACF  \\$aPrevious copyright fee: GBP28.54$c22\8$e01-apr-2018$fGBP28.54$g0$hP$5Uk
=CAT  \\$a8874$b40$c20080219$lBLL01$h1126
=CAT  \\$a8874$b40$c20080219$lBLL01$h1127
=CAT  \\$aBATCH-CLA$b00$c20080829$lBLL01$h1847
=CAT  \\$aBATCH-UPD$b00$c20081001$lBLL01$h0013
=CAT  \\$aBATCH$b00$c20081001$lBLL01$h0129
=CAT  \\$aBATCH-UPD$b00$c20101201$lBLL01$h1251
=CAT  \\$aIPL-CLA$c20101231$lBLL01$h1524
=CAT  \\$aBATCH-UPD$b00$c20110907$lBLL01$h1830
=CAT  \\$aIPL-CLA$c20110908$lBLL01$h1745
=CAT  \\$aBATCH-CLA$b00$c20121109$lBLL01$h1723
=CAT  \\$a5552$b40$c20180219$lBLL01$h1330
=CAT  \\$aBATCH-UPD$b40$c20180219$lBLL01$h1704
=CAT  \\$aBATCH-UPD$b40$c20180223$lBLL01$h1736
=CAT  \\$aBLDSS-3PM$b00$c20180226$lBLL01$h1359
=CAT  \\$aBATCH-UPD$b00$c20180226$lBLL01$h1359
=CAT  \\$aIPL-CLA$c20180331$lBLL01$h1636
=CAT  \\$aBATCH-UPD$b00$c20180524$lBLL01$h1722
=CAT  \\$aIPL-CLA$c20180630$lBLL01$h1925
=CAT  \\$aBATCH-UPD$b00$c20221121$lBLL01$h1402
=CAT  \\$aIPL-CLA$c20221231$lBLL01$h2213
=CFI  0\$aCurrent copyright fee: GBP29.95$c22\1$e01-jan-2023$fGBP29.95$g0$hP$5Uk
=CFI  2\$aPrevious copyright fee: GBP34.00$c22\1$e01-jul-2018$fGBP34.00$g0$hP$5Uk
=FFP  \\$aY$bBLDSS-3PM
=FIN  \\$aY$d20080219
=FMT  \\$a  SE
=LAS  \\$aIPL-CLA$b00$c20221231$lBLL01$h2213
=LEO  \\$aMP25.0000021609
=SRC  \\$aSRI01$bbibmp25.200404.2.aa
=TCO  \\$aXXX$c008
=UNO  \\$aY

