=LDR  03464 as a2200829 a 4500
=001  014530171
=003  Uk
=005  20200331162112.0
=007  ta
=008  061010d19471950enkmr\p\\\\\\\0\\\a0eng\d
=035  \\$a(OCoLC)72477205
=040  \\$aNNY$cNNY$dUk
=082  04$a660.05$222
=130  0\$aJournal of the Society of Chemical Industry (1947)
=245  10$aJournal of the Society of Chemical Industry.
=246  17$aJ.S.C.I.
=260  \\$aLondon :$bSociety of Chemical Industry,$c1947-1950.
=300  \\$a4 v. :$bill. ;$c27 cm.
=310  \\$aMonthly
=336  \\$atext$2rdacontent
=337  \\$aunmediated$2rdamedia
=338  \\$avolume$2rdacarrier
=362  0\$aVol. 66, no. 1 (Jan. 1947)-v. 69 (Dec. 1950).
=540  \\$aCurrent copyright fee: GBP39.00$c35\0$5Uk
=650  \0$aChemistry, Technical$vPeriodicals.
=710  2\$aSociety of Chemical Industry (Great Britain)
=780  00$tJournal of the Society of Chemical Industry. Transactions and communications$x0368-1777
=785  00$tJournal of applied chemistry (London)$x0021-8871
=852  49$aBritish Library$bDSC$3See shelfmark 4882.800000 for vol. 1, 1882- 36, 1917 *A=1; 66, 1947- 69, 1950 *A=1
=852  71$aBritish Library$bSTI$k(P)$hLT 00$m-E(13)$2blsrissc$3Vol. 66, no. 1 (Jan. 1947)-v. 69 (Dec. 1950).
=856  \\$31850-9999$uhttp://onlinelibrary.wiley.com/$xBLDSS
=ACF  \\$aPrevious Copyright Fee: GBP6.00$c0$e01-oct-2008$fGBP6.00$g0$hC$5Uk
=ACF  \\$aPrevious copyright fee: GBP10.50$c0$e01-jan-2011$fGBP10.50$g0$hA$5Uk
=ACF  \\$aPrevious Copyright Fee: GBP12.30$c0$e01-jan-2014$fGBP12.30$g0$hA$5Uk
=ACF  \\$aPrevious copyright fee: GBP12.00$c0$e01-jan-2012$fGBP12.00$g0$hA$5Uk
=ACF  \\$aPrevious Copyright Fee: GBP24.00$c35\0$e17-jul-2015$fGBP24.00$g0$hP$5Uk
=CAT  \\$a8201$b40$c20080226$lBLL01$h1600
=CAT  \\$a8201$b40$c20080227$lBLL01$h0920
=CAT  \\$a8201$b40$c20080227$lBLL01$h1001
=CAT  \\$aBATCH-CLA$b00$c20080829$lBLL01$h1821
=CAT  \\$aBATCH-CLA$b00$c20080829$lBLL01$h1849
=CAT  \\$aBATCH-UPD$b00$c20081001$lBLL01$h0013
=CAT  \\$aBATCH$b00$c20081001$lBLL01$h0129
=CAT  \\$aBATCH-UPD$b00$c20101201$lBLL01$h1251
=CAT  \\$aIPL-CLA$c20101231$lBLL01$h1524
=CAT  \\$aWR11_203$c20111204$lBLL01$h1513
=CAT  \\$aIPL-CLA$c20111230$lBLL01$h2030
=CAT  \\$aBATCH-CLA$b00$c20121109$lBLL01$h1723
=CAT  \\$a8874$b40$c20130830$lBLL01$h1459
=CAT  \\$aBATCH-CLA$c20131220$lBLL01$h2056
=CAT  \\$aIPL-CLA$c20140101$lBLL01$h0050
=CAT  \\$a5552$b40$c20150717$lBLL01$h1540
=CAT  \\$aBLDSS-3PM$b00$c20150819$lBLL01$h0837
=CAT  \\$a8323$b40$c20160201$lBLL01$h1135
=CAT  \\$aBATCH-UPD$b40$c20160413$lBLL01$h1822
=CAT  \\$aBATCH-UPD$b40$c20180219$lBLL01$h1752
=CAT  \\$aBATCH-UPD$b40$c20180219$lBLL01$h2041
=CAT  \\$aBATCH-UPD$b40$c20181121$lBLL01$h1624
=CAT  \\$aIPL-CLA$c20181231$lBLL01$h1547
=CAT  \\$aBATCH-UPD$b00$c20200219$lBLL01$h1542
=CAT  \\$a5552$b40$c20200227$lBLL01$h1143
=CAT  \\$aIPL-CLA$c20200331$lBLL01$h1621
=CFI  0\$aCurrent copyright fee: GBP39.00$c35\0$e01-apr-2020$fGBP39.00$g0$hP$5Uk
=CFI  2\$aPrevious copyright fee: GBP28.00$c35\0$e01-jan-2019$fGBP28.00$g0$hP$5Uk
=FFP  \\$aY$bBLDSS-3PM
=FIN  \\$aY$d20080227
=FMT  \\$a  SE
=LAS  \\$aIPL-CLA$b00$c20200331$lBLL01$h1621
=SID  \\$aZ39$bOCLC
=TCO  \\$aCLA$bCLA$c008
=TOC  \\$aETOC
=UNO  \\$aY

