=LDR  02542cas a2200685 a 4500
=001  014769153
=003  Uk
=005  20170427113416.0
=007  ta
=008  070105c20059999gw\ar\\\\\\\\\0\\\\0ger\d
=010  \\$a  2007205156
=022  \\$a1990-4231
=035  \\$a(OCoLC)77536161
=040  \\$aUk$beng$cUk
=042  \\$aukblsr
=042  \\$alccopycat
=050  00$aBX4827.T53$bI687
=222  \0$aInternational yearbook for Tillich research
=245  00$aInternationales Jahrbuch für die Tillich-Forschung =$bInternational yearbook for Tillich research = Annales internationales de recherches sur Tillich /$cHerausgegeben von Christian Danz, Werner Schüssler, Erdmann Sturm, in Verbindung mit der Deutschen Paul-Tillich-Gesellschaft.
=260  \\$aMünster :$bLIT,$c2005-
=300  \\$av. ;$c24 cm.
=310  \\$aAnnual,$b2005-
=336  \\$atext$2rdacontent
=337  \\$aunmediated$2rdamedia
=338  \\$avolume$2rdacarrier
=362  0\$aBd. 1 (2005)-
=500  \\$aLatest issue consulted: Bd. 2 (2006).
=505  0\$aBd. 1 Wie viel Vernunft braucht der Glaube?
=540  \\$aCurrent Copyright Fee: GBP27.00$c56\0$5Uk
=600  10$aTillich, Paul,$d1886-1965$vPeriodicals.
=650  \0$aTheology$vPeriodicals.
=700  1\$aDanz, Christian.
=700  1\$aSchüssler, Werner.
=700  1\$aSturm, Erdmann.
=710  2\$aDeutsche Paul-Tillich-Gesellschaft.
=852  41$aBritish Library$bHMNTS$3Bd. 1 (2005)-bd. 4 (2008)
=856  \\$31850-9999$uhttp://www.degruyter.com/$xBLDSS
=945  \\$aInternational yearbook for Tillich research.
=979  \\$aBritish Library$bDSC$j4552.357000
=CAT  \\$a12025$b40$c20081003$lBLL01$h0958
=CAT  \\$a12025$b40$c20081003$lBLL01$h1000
=CAT  \\$a6098$b40$c20120229$lBLL01$h1532
=CAT  \\$a6098$b40$c20120229$lBLL01$h1534
=CAT  \\$a5552$b40$c20140317$lBLL01$h1104
=CAT  \\$a8874$b40$c20140822$lBLL01$h1259
=CAT  \\$aBLDSS-3PM$b00$c20150111$lBLL01$h1523
=CAT  \\$aBATCH-UPD$b00$c20150122$lBLL01$h2041
=CAT  \\$a12654$b40$c20150402$lBLL01$h1424
=CAT  \\$aBATCH-UPD$b40$c20160413$lBLL01$h1823
=CAT  \\$aBATCH-UPD$b40$c20160524$lBLL01$h2246
=CAT  \\$aBATCH-UPD$b40$c20160525$lBLL01$h0518
=CAT  \\$a5552$b40$c20170427$lBLL01$h1134
=CFI  0\$aCurrent Copyright Fee: GBP27.00$c56\0$e17-mar-2014$fGBP27.00$g0$hP$5Uk
=FFP  \\$aY$bBLDSS-3PM
=FMT  \\$a  SE
=LAS  \\$a5552$b40$c20170427$lBLL01$h1134
=SRC  \\$aBLL02
=TCO  \\$aDEU$bVG WORT$c008
=TOC  \\$aETOC
=UNO  \\$aY

