=LDR  04569cas a2201021 a 4500
=001  014939181
=003  Uk
=005  20220930142756.0
=007  ta
=008  090325d19621969xxumr\\\\\\\\\0\\\a0eng\\
=010  \\$a67001843
=035  \\$a(OCoLC)ocm01781489
=040  \\$aDLC$cMnMULS$dNSDP$dN$dNSDP$dOCoLC$dOCoLC$dDLC$dMH$dWaU$dNST$dOCoLC$dUk
=042  \\$alc
=050  00$aR11$b.A43
=060  0\$aW1 AM397S
=082  04$a610.5$222
=245  04$aThe American family physician.
=260  \\$a[Kansas City, Mo.] :$bAmerican Academy of General Practice,$c[c1962-c1969]
=300  \\$a15 v. :$bill. ;$c28 cm.
=310  \\$aMonthly
=336  \\$atext$2rdacontent
=337  \\$aunmediated$2rdamedia
=338  \\$avolume$2rdacarrier
=362  0\$aVol 2., no. 6 (June 1962)-v. 17, no. 6 (Dec. 1969).
=500  \\$aTitle from cover.
=540  \\$aCurrent copyright fee: GBP33.33$c93\0$5Uk
=580  \\$aMerged with: GP, to form: American family physician/GP.
=650  \0$aMedicine$vPeriodicals.
=710  2\$aAmerican Academy of General Practice.
=780  00$tFamily physician
=785  17$tGP$x0016-3600
=785  17$tAmerican family physician/GP$x0572-3612
=852  49$aBritish Library$bDSC$3See shelfmark 0814.700000 for VOL. 11(4), 1966- 17, 1969
=856  \\$31850-9999$uhttp://www.aafp.org/home.html$xBLDSS
=ACF  \\$aPrevious copyright fee: GBP20.63$c94\0$e01-apr-2014$fGBP20.63$g0$hP$5Uk
=ACF  \\$aPrevious copyright fee: GBP20.63$c93\0$e02-jun-2014$fGBP20.63$g0$hP$5Uk
=ACF  \\$aPrevious copyright fee: GBP20.00$c93\0$e01-jul-2014$fGBP20.00$g0$hP$5Uk
=ACF  \\$aPrevious copyright fee: GBP21.30$c93\0$e01-apr-2015$fGBP21.30$g0$hP$5Uk
=ACF  \\$aPrevious copyright fee: GBP22.00$c93\0$e01-jul-2015$fGBP22.00$g0$hP$5Uk
=ACF  \\$aPrevious copyright fee: GBP22.76$c93\0$e01-apr-2016$fGBP22.76$g0$hP$5Uk
=ACF  \\$aPrevious copyright fee: GBP21.30$c93\0$e01-oct-2015$fGBP21.30$g0$hP$5Uk
=ACF  \\$aPrevious copyright fee: GBP27.59$c93\0$e14-apr-2016$fGBP27.59$g0$hP$5Uk
=ACF  \\$aPrevious copyright fee: GBP29.63$c93\0$e01-oct-2016$fGBP29.63$g0$hP$5Uk
=ACF  \\$aPrevious copyright fee: GBP32.00$c93\0$e01-apr-2017$fGBP32.00$g0$hP$5Uk
=ACF  \\$aPrevious copyright fee: GBP30.77$c93\0$e01-oct-2017$fGBP30.77$g0$hP$5Uk
=ACF  \\$aPrevious copyright fee: GBP28.57$c93\0$e01-apr-2018$fGBP28.57$g0$hP$5Uk
=ACF  \\$aPrevious copyright fee: GBP30.77$c93\0$e01-oct-2018$fGBP30.77$g0$hP$5Uk
=ACF  \\$aPrevious copyright fee: GBP32.00$c93\0$e01-oct-2019$fGBP32.00$g0$hP$5Uk
=ACF  \\$aPrevious copyright fee: GBP30.77$c93\0$e01-apr-2020$fGBP30.77$g0$hP$5Uk
=ACF  \\$aPrevious copyright fee: GBP32.00$c93\0$e01-jul-2020$fGBP32.00$g0$hP$5Uk
=ACF  \\$aPrevious copyright fee: GBP29.63$c93\0$e01-apr-2021$fGBP29.63$g0$hP$5Uk
=ACF  \\$aPrevious copyright fee: GBP28.57$c93\0$e07-jul-2021$fGBP28.57$g0$hP$5Uk
=CAT  \\$a8201$b40$c20090325$lBLL01$h1550
=CAT  \\$a5552$b40$c20160414$lBLL01$h0944
=CAT  \\$a5552$b40$c20160826$lBLL01$h0840
=CAT  \\$aIPL-CLA$c20160930$lBLL01$h1624
=CAT  \\$aBATCH-UPD$b00$c20170216$lBLL01$h2037
=CAT  \\$aIPL-CLA$c20170331$lBLL01$h1902
=CAT  \\$aBATCH-UPD$b00$c20170904$lBLL01$h2106
=CAT  \\$aIPL-CLA$c20170929$lBLL01$h1748
=CAT  \\$aBATCH-UPD$b00$c20180223$lBLL01$h2006
=CAT  \\$aIPL-CLA$c20180331$lBLL01$h1642
=CAT  \\$aBATCH-UPD$b00$c20180823$lBLL01$h2016
=CAT  \\$aIPL-CLA$c20180930$lBLL01$h1510
=CAT  \\$aBATCH-UPD$b00$c20190829$lBLL01$h1622
=CAT  \\$aIPL-CLA$c20190930$lBLL01$h1646
=CAT  \\$aBATCH-UPD$b00$c20200219$lBLL01$h1622
=CAT  \\$aIPL-CLA$c20200331$lBLL01$h1623
=CAT  \\$aBATCH-UPD$b00$c20200522$lBLL01$h1547
=CAT  \\$aIPL-CLA$c20200701$lBLL01$h0106
=CAT  \\$aBATCH-UPD$b00$c20210226$lBLL01$h1128
=CAT  \\$aIPL-CLA$c20210331$lBLL01$h1701
=CAT  \\$aBATCH-UPD$b00$c20210707$lBLL01$h1652
=CAT  \\$aIPL-CLA$c20210707$lBLL01$h1844
=CAT  \\$aBATCH-UPD$b00$c20220520$lBLL01$h1738
=CAT  \\$aIPL-CLA$c20220630$lBLL01$h1538
=CAT  \\$aBATCH-UPD$b00$c20220824$lBLL01$h0954
=CAT  \\$aIPL-CLA$c20220930$lBLL01$h1427
=CFI  0\$aCurrent copyright fee: GBP33.33$c93\0$e01-oct-2022$fGBP33.33$g0$hP$5Uk
=CFI  2\$aPrevious copyright fee: GBP32.00$c93\0$e01-jul-2022$fGBP32.00$g0$hP$5Uk
=FFP  \\$aY$bBLDSS-3PM
=FIN  \\$aY$d20090325
=FMT  \\$a  SE
=LAS  \\$aIPL-CLA$b00$c20220930$lBLL01$h1427
=SID  \\$aZ39$bLOC
=TCO  \\$aTRS$bCCC$c008
=TOC  \\$aETOC

